<?xml version="1.0" encoding="UTF-8"?>
<!DOCTYPE html PUBLIC "-//W3C//DTD XHTML 1.0 Transitional//EN"
    "http://www.w3.org/TR/xhtml1/DTD/xhtml1-transitional.dtd">
<html xmlns="http://www.w3.org/1999/xhtml" xml:lang="en" lang="en">
 <head>
  <title>
</title>
<meta http-equiv="Content-Type" content="text/html;charset=utf-8" />
  <meta name='ocr-system' content='tesseract 3.04.00' />
  <meta name='ocr-capabilities' content='ocr_page ocr_carea ocr_par ocr_line ocrx_word'/>
</head>
<body>
  <div class='ocr_page' id='page_1' title='image "./detheodoribezae00maiggoog_0096.png"; bbox 0 0 3124 4988; ppageno 0'>
   <div class='ocr_carea' id='block_1_1' title="bbox 584 434 914 486">
    <p class='ocr_par' dir='ltr' id='par_1_1' title="bbox 584 434 914 486">
     <span class='ocr_line' id='line_1_1' title="bbox 584 434 914 486; baseline 0 -1"><span class='ocrx_word' id='word_1_1' title='bbox 584 435 629 485; x_wconf 81' lang='lat' dir='ltr'>DE</span> <span class='ocrx_word' id='word_1_2' title='bbox 645 434 914 486; x_wconf 81' lang='lat' dir='ltr'><strong>EPIGRAMMATIS</strong></span> 
     </span>
    </p>
   </div>
   <div class='ocr_carea' id='block_1_2' title="bbox 390 581 1231 1649">
    <p class='ocr_par' dir='ltr' id='par_1_2' title="bbox 392 581 1137 748">
     <span class='ocr_line' id='line_1_2' title="bbox 392 581 1137 658; baseline -0.003 -16"><span class='ocrx_word' id='word_1_3' title='bbox 392 588 555 658; x_wconf 80' lang='lat' dir='ltr'>Augustas,</span> <span class='ocrx_word' id='word_1_4' title='bbox 572 583 719 652; x_wconf 84' lang='lat' dir='ltr'>Mariano,</span> <span class='ocrx_word' id='word_1_5' title='bbox 735 583 825 641; x_wconf 84' lang='lat' dir='ltr'>deum</span> <span class='ocrx_word' id='word_1_6' title='bbox 840 586 987 642; x_wconf 85' lang='lat' dir='ltr'>venturus</span> <span class='ocrx_word' id='word_1_7' title='bbox 1001 581 1037 641; x_wconf 87' lang='lat' dir='ltr'>ad</span> <span class='ocrx_word' id='word_1_8' title='bbox 1057 599 1137 653; x_wconf 83' lang='lat' dir='ltr'>aras,</span> 
     </span>
     <span class='ocr_line' id='line_1_3' title="bbox 429 672 1110 748; baseline -0.006 -14"><span class='ocrx_word' id='word_1_9' title='bbox 429 673 522 734; x_wconf 89' lang='lat' dir='ltr'>Nulla</span> <span class='ocrx_word' id='word_1_10' title='bbox 536 690 653 732; x_wconf 87' lang='lat' dir='ltr'>eremas</span> <span class='ocrx_word' id='word_1_11' title='bbox 666 689 774 748; x_wconf 90' lang='lat' dir='ltr'>magno</span> <span class='ocrx_word' id='word_1_12' title='bbox 792 674 883 733; x_wconf 87' lang='lat' dir='ltr'>thura</span> <span class='ocrx_word' id='word_1_13' title='bbox 897 673 1012 732; x_wconf 86' lang='lat' dir='ltr'>Sabaea</span> <span class='ocrx_word' id='word_1_14' title='bbox 1027 672 1110 742; x_wconf 77' lang='lat' dir='ltr'>dori,</span> 
     </span>
    </p>

    <p class='ocr_par' dir='ltr' id='par_1_3' title="bbox 390 762 1188 930">
     <span class='ocr_line' id='line_1_4' title="bbox 390 762 1188 843; baseline -0.004 -20"><span class='ocrx_word' id='word_1_15' title='bbox 390 765 419 824; x_wconf 94' lang='lat' dir='ltr'>N</span> <span class='ocrx_word' id='word_1_16' title='bbox 422 781 455 822; x_wconf 88' lang='lat' dir='ltr'>eo</span> <span class='ocrx_word' id='word_1_17' title='bbox 480 764 562 843; x_wconf 88' lang='lat' dir='ltr'>oapis</span> <span class='ocrx_word' id='word_1_18' title='bbox 577 769 719 822; x_wconf 84' lang='lat' dir='ltr'>externos</span> <span class='ocrx_word' id='word_1_19' title='bbox 732 762 847 821; x_wconf 83' lang='lat' dir='ltr'>cultum</span> <span class='ocrx_word' id='word_1_20' title='bbox 863 763 914 840; x_wconf 89' lang='lat' dir='ltr'>qui</span> <span class='ocrx_word' id='word_1_21' title='bbox 930 767 1055 838; x_wconf 82' lang='lat' dir='ltr'>spargat</span> <span class='ocrx_word' id='word_1_22' title='bbox 1068 762 1188 832; x_wconf 89' lang='lat' dir='ltr'>odores,</span> 
     </span>
     <span class='ocr_line' id='line_1_5' title="bbox 429 853 1049 930; baseline -0.005 -17"><span class='ocrx_word' id='word_1_23' title='bbox 429 855 496 914; x_wconf 87' lang='lat' dir='ltr'>Neo</span> <span class='ocrx_word' id='word_1_24' title='bbox 515 854 570 913; x_wconf 87' lang='lat' dir='ltr'>diti</span> <span class='ocrx_word' id='word_1_25' title='bbox 582 859 696 913; x_wconf 82' lang='lat' dir='ltr'>tractas</span> <span class='ocrx_word' id='word_1_26' title='bbox 718 870 825 929; x_wconf 89' lang='lat' dir='ltr'>aspera</span> <span class='ocrx_word' id='word_1_27' title='bbox 846 853 932 930; x_wconf 84' lang='lat' dir='ltr'>signa</span> <span class='ocrx_word' id='word_1_28' title='bbox 947 869 1049 911; x_wconf 87' lang='lat' dir='ltr'>manu.</span> 
     </span>
    </p>

    <p class='ocr_par' dir='ltr' id='par_1_4' title="bbox 392 941 1175 1109">
     <span class='ocr_line' id='line_1_6' title="bbox 392 941 1175 1020; baseline -0.003 -18"><span class='ocrx_word' id='word_1_29' title='bbox 392 946 567 1004; x_wconf 85' lang='lat' dir='ltr'>Gemmatae</span> <span class='ocrx_word' id='word_1_30' title='bbox 581 961 736 1020; x_wconf 84' lang='lat' dir='ltr'>nunquam</span> <span class='ocrx_word' id='word_1_31' title='bbox 752 943 842 1002; x_wconf 91' lang='lat' dir='ltr'>sudas</span> <span class='ocrx_word' id='word_1_32' title='bbox 857 944 912 1002; x_wconf 90' lang='lat' dir='ltr'>sub</span> <span class='ocrx_word' id='word_1_33' title='bbox 922 942 1056 1019; x_wconf 88' lang='lat' dir='ltr'>pondere</span> <span class='ocrx_word' id='word_1_34' title='bbox 1069 941 1175 1013; x_wconf 87' lang='lat' dir='ltr'>vestis,</span> 
     </span>
     <span class='ocr_line' id='line_1_7' title="bbox 430 1033 1089 1109; baseline -0.003 -16"><span class='ocrx_word' id='word_1_35' title='bbox 430 1034 495 1094; x_wconf 88' lang='lat' dir='ltr'>Neo</span> <span class='ocrx_word' id='word_1_36' title='bbox 510 1034 621 1108; x_wconf 85' lang='lat' dir='ltr'>digitos</span> <span class='ocrx_word' id='word_1_37' title='bbox 635 1039 741 1092; x_wconf 85' lang='lat' dir='ltr'>onerat</span> <span class='ocrx_word' id='word_1_38' title='bbox 755 1049 805 1091; x_wconf 85' lang='lat' dir='ltr'>ros</span> <span class='ocrx_word' id='word_1_39' title='bbox 826 1033 990 1109; x_wconf 87' lang='lat' dir='ltr'>peregrina</span> <span class='ocrx_word' id='word_1_40' title='bbox 1011 1037 1089 1091; x_wconf 90' lang='lat' dir='ltr'>tuos.</span> 
     </span>
    </p>

    <p class='ocr_par' dir='ltr' id='par_1_5' title="bbox 394 1121 1231 1290">
     <span class='ocr_line' id='line_1_8' title="bbox 394 1121 1231 1201; baseline -0.004 -18"><span class='ocrx_word' id='word_1_41' title='bbox 394 1124 454 1183; x_wconf 86' lang='lat' dir='ltr'>Sed</span> <span class='ocrx_word' id='word_1_42' title='bbox 468 1123 618 1201; x_wconf 81' lang='lat' dir='ltr'><strong>placidam</strong></span> <span class='ocrx_word' id='word_1_43' title='bbox 633 1129 663 1182; x_wconf 92' lang='lat' dir='ltr'>et</span> <span class='ocrx_word' id='word_1_44' title='bbox 677 1123 761 1182; x_wconf 91' lang='lat' dir='ltr'>nullo</span> <span class='ocrx_word' id='word_1_45' title='bbox 783 1122 927 1198; x_wconf 87' lang='lat' dir='ltr'>pollutam</span> <span class='ocrx_word' id='word_1_46' title='bbox 943 1121 1072 1180; x_wconf 86' lang='lat' dir='ltr'>erimine</span> <span class='ocrx_word' id='word_1_47' title='bbox 1086 1126 1231 1198; x_wconf 84' lang='lat' dir='ltr'>mentem,</span> 
     </span>
     <span class='ocr_line' id='line_1_9' title="bbox 434 1213 988 1290; baseline 0 -18"><span class='ocrx_word' id='word_1_48' title='bbox 434 1217 533 1290; x_wconf 83' lang='lat' dir='ltr'><strong>Atque</strong></span> <span class='ocrx_word' id='word_1_49' title='bbox 547 1230 602 1272; x_wconf 89' lang='lat' dir='ltr'>sua</span> <span class='ocrx_word' id='word_1_50' title='bbox 617 1219 701 1272; x_wconf 89' lang='lat' dir='ltr'>notas</span> <span class='ocrx_word' id='word_1_51' title='bbox 715 1231 731 1272; x_wconf 90' lang='lat' dir='ltr'>a</span> <span class='ocrx_word' id='word_1_52' title='bbox 744 1213 856 1290; x_wconf 87' lang='lat' dir='ltr'>pietate</span> <span class='ocrx_word' id='word_1_53' title='bbox 871 1229 988 1272; x_wconf 87' lang='lat' dir='ltr'>manus.</span> 
     </span>
    </p>

    <p class='ocr_par' dir='ltr' id='par_1_6' title="bbox 392 1301 1145 1469">
     <span class='ocr_line' id='line_1_10' title="bbox 392 1301 1145 1378; baseline -0.007 -13"><span class='ocrx_word' id='word_1_54' title='bbox 392 1305 576 1378; x_wconf 77' lang='lat' dir='ltr'>Caeteraque</span> <span class='ocrx_word' id='word_1_55' title='bbox 592 1302 728 1378; x_wconf 87' lang='lat' dir='ltr'>integros</span> <span class='ocrx_word' id='word_1_56' title='bbox 743 1301 856 1362; x_wconf 90' lang='lat' dir='ltr'>domini</span> <span class='ocrx_word' id='word_1_57' title='bbox 878 1301 1019 1361; x_wconf 86' lang='lat' dir='ltr'>testantia</span> <span class='ocrx_word' id='word_1_58' title='bbox 1034 1319 1145 1373; x_wconf 88' lang='lat' dir='ltr'>mores,</span> 
     </span>
     <span class='ocr_line' id='line_1_11' title="bbox 430 1391 1094 1469; baseline 0.003 -19"><span class='ocrx_word' id='word_1_59' title='bbox 430 1393 524 1462; x_wconf 86' lang='lat' dir='ltr'>Haeo,</span> <span class='ocrx_word' id='word_1_60' title='bbox 541 1392 674 1469; x_wconf 85' lang='lat' dir='ltr'>inquam,</span> <span class='ocrx_word' id='word_1_61' title='bbox 689 1393 785 1468; x_wconf 90' lang='lat' dir='ltr'>magis</span> <span class='ocrx_word' id='word_1_62' title='bbox 797 1393 850 1451; x_wconf 90' lang='lat' dir='ltr'>das</span> <span class='ocrx_word' id='word_1_63' title='bbox 865 1391 1004 1451; x_wconf 86' lang='lat' dir='ltr'>Mariano</span> <span class='ocrx_word' id='word_1_64' title='bbox 1018 1391 1094 1452; x_wconf 89' lang='lat' dir='ltr'>deis.</span> 
     </span>
    </p>

    <p class='ocr_par' dir='ltr' id='par_1_7' title="bbox 391 1480 1110 1649">
     <span class='ocr_line' id='line_1_12' title="bbox 391 1480 1109 1558; baseline -0.003 -16"><span class='ocrx_word' id='word_1_65' title='bbox 391 1483 477 1554; x_wconf 88' lang='lat' dir='ltr'>Quod</span> <span class='ocrx_word' id='word_1_66' title='bbox 494 1483 520 1540; x_wconf 89' lang='lat' dir='ltr'>si</span> <span class='ocrx_word' id='word_1_67' title='bbox 535 1501 606 1542; x_wconf 89' lang='lat' dir='ltr'>rara</span> <span class='ocrx_word' id='word_1_68' title='bbox 617 1484 713 1542; x_wconf 83' lang='lat' dir='ltr'><strong>solent</strong></span> <span class='ocrx_word' id='word_1_69' title='bbox 728 1482 836 1541; x_wconf 87' lang='lat' dir='ltr'>merito</span> <span class='ocrx_word' id='word_1_70' title='bbox 855 1481 987 1558; x_wconf 89' lang='lat' dir='ltr'>pretiosa</span> <span class='ocrx_word' id='word_1_71' title='bbox 999 1480 1109 1551; x_wconf 90' lang='lat' dir='ltr'>videri,</span> 
     </span>
     <span class='ocr_line' id='line_1_13' title="bbox 431 1571 1110 1649; baseline -0.001 -18"><span class='ocrx_word' id='word_1_72' title='bbox 431 1571 527 1632; x_wconf 92' lang='lat' dir='ltr'>Nemo</span> <span class='ocrx_word' id='word_1_73' title='bbox 542 1572 636 1644; x_wconf 86' lang='lat' dir='ltr'><strong>dedit,</strong></span> <span class='ocrx_word' id='word_1_74' title='bbox 653 1590 740 1631; x_wconf 87' lang='lat' dir='ltr'>nemo</span> <span class='ocrx_word' id='word_1_75' title='bbox 755 1572 833 1649; x_wconf 89' lang='lat' dir='ltr'>plus,</span> <span class='ocrx_word' id='word_1_76' title='bbox 851 1572 1001 1639; x_wconf 81' lang='lat' dir='ltr'>Mariana,</span> <span class='ocrx_word' id='word_1_77' title='bbox 1015 1571 1110 1630; x_wconf 87' lang='lat' dir='ltr'>dabit.</span> 
     </span>
    </p>
   </div>
   <div class='ocr_carea' id='block_1_3' title="bbox 191 1757 1315 3717">
    <p class='ocr_par' dir='ltr' id='par_1_8' title="bbox 191 1757 1312 2085">
     <span class='ocr_line' id='line_1_14' title="bbox 239 1757 1310 1854; baseline -0.004 -23"><span class='ocrx_word' id='word_1_78' title='bbox 239 1758 418 1854; x_wconf 81' lang='lat' dir='ltr'>Neplura‚</span> <span class='ocrx_word' id='word_1_79' title='bbox 437 1759 640 1831; x_wconf 87' lang='lat' dir='ltr'>insecundo</span> <span class='ocrx_word' id='word_1_80' title='bbox 664 1782 795 1852; x_wconf 81' lang='lat' dir='ltr'>genere</span> <span class='ocrx_word' id='word_1_81' title='bbox 822 1763 1110 1854; x_wconf 83' lang='lat' dir='ltr'>epigrammatum</span> <span class='ocrx_word' id='word_1_82' title='bbox 1131 1757 1310 1846; x_wconf 89' lang='lat' dir='ltr'>universo,</span> 
     </span>
     <span class='ocr_line' id='line_1_15' title="bbox 191 1873 1312 1970; baseline -0.003 -24"><span class='ocrx_word' id='word_1_83' title='bbox 191 1875 329 1946; x_wconf 86' lang='lat' dir='ltr'>easdem</span> <span class='ocrx_word' id='word_1_84' title='bbox 348 1875 495 1947; x_wconf 87' lang='lat' dir='ltr'>virtutes</span> <span class='ocrx_word' id='word_1_85' title='bbox 509 1876 707 1947; x_wconf 83' lang='lat' dir='ltr'>invenimus</span> <span class='ocrx_word' id='word_1_86' title='bbox 727 1884 762 1947; x_wconf 88' lang='lat' dir='ltr'>et</span> <span class='ocrx_word' id='word_1_87' title='bbox 779 1876 900 1947; x_wconf 91' lang='lat' dir='ltr'>eadem</span> <span class='ocrx_word' id='word_1_88' title='bbox 920 1875 1005 1947; x_wconf 84' lang='lat' dir='ltr'>vitia</span> <span class='ocrx_word' id='word_1_89' title='bbox 1024 1897 1111 1970; x_wconf 91' lang='lat' dir='ltr'>quae</span> <span class='ocrx_word' id='word_1_90' title='bbox 1125 1896 1229 1968; x_wconf 83' lang='lat' dir='ltr'>saepe</span> <span class='ocrx_word' id='word_1_91' title='bbox 1238 1873 1312 1965; x_wconf 90' lang='lat' dir='ltr'>jam</span> 
     </span>
     <span class='ocr_line' id='line_1_16' title="bbox 191 1989 644 2085; baseline 0.009 -25"><span class='ocrx_word' id='word_1_92' title='bbox 191 2013 295 2085; x_wconf 89' lang='lat' dir='ltr'>supra</span> <span class='ocrx_word' id='word_1_93' title='bbox 316 1989 644 2064; x_wconf 80' lang='lat' dir='ltr'>demonstravimus.</span> 
     </span>
    </p>

    <p class='ocr_par' dir='ltr' id='par_1_9' title="bbox 191 2107 1315 2645">
     <span class='ocr_line' id='line_1_17' title="bbox 239 2107 1313 2206; baseline -0.001 -29"><span class='ocrx_word' id='word_1_94' title='bbox 239 2107 342 2178; x_wconf 90' lang='lat' dir='ltr'>Nunc</span> <span class='ocrx_word' id='word_1_95' title='bbox 361 2108 517 2180; x_wconf 82' lang='lat' dir='ltr'>detentio</span> <span class='ocrx_word' id='word_1_96' title='bbox 531 2131 676 2202; x_wconf 85' lang='lat' dir='ltr'>genere,</span> <span class='ocrx_word' id='word_1_97' title='bbox 694 2109 786 2206; x_wconf 92' lang='lat' dir='ltr'>quod</span> <span class='ocrx_word' id='word_1_98' title='bbox 803 2109 942 2204; x_wconf 88' lang='lat' dir='ltr'>quidem</span> <span class='ocrx_word' id='word_1_99' title='bbox 953 2107 1102 2179; x_wconf 84' lang='lat' dir='ltr'>seeundo</span> <span class='ocrx_word' id='word_1_100' title='bbox 1119 2107 1313 2201; x_wconf 84' lang='lat' dir='ltr'>proximum</span> 
     </span>
     <span class='ocr_line' id='line_1_18' title="bbox 191 2222 1314 2319; baseline 0 -27"><span class='ocrx_word' id='word_1_101' title='bbox 191 2230 242 2293; x_wconf 88' lang='lat' dir='ltr'>ost</span> <span class='ocrx_word' id='word_1_102' title='bbox 262 2222 367 2319; x_wconf 87' lang='lat' dir='ltr'>idque</span> <span class='ocrx_word' id='word_1_103' title='bbox 388 2247 430 2295; x_wconf 88' lang='lat' dir='ltr'>ex</span> <span class='ocrx_word' id='word_1_104' title='bbox 454 2225 718 2317; x_wconf 87' lang='lat' dir='ltr'>epigrammatis</span> <span class='ocrx_word' id='word_1_105' title='bbox 737 2225 886 2297; x_wconf 83' lang='lat' dir='ltr'>satiricis</span> <span class='ocrx_word' id='word_1_106' title='bbox 909 2232 1059 2307; x_wconf 82' lang='lat' dir='ltr'>constat,</span> <span class='ocrx_word' id='word_1_107' title='bbox 1072 2222 1314 2294; x_wconf 89' lang='lat' dir='ltr'>disserendum</span> 
     </span>
     <span class='ocr_line' id='line_1_19' title="bbox 191 2338 1315 2437; baseline 0.002 -27"><span class='ocrx_word' id='word_1_108' title='bbox 191 2347 254 2410; x_wconf 90' lang='lat' dir='ltr'>est.</span> <span class='ocrx_word' id='word_1_109' title='bbox 271 2338 385 2411; x_wconf 87' lang='lat' dir='ltr'>Multa</span> <span class='ocrx_word' id='word_1_110' title='bbox 398 2363 438 2412; x_wconf 88' lang='lat' dir='ltr'>ea</span> <span class='ocrx_word' id='word_1_111' title='bbox 451 2351 530 2412; x_wconf 90' lang='lat' dir='ltr'>sunt</span> <span class='ocrx_word' id='word_1_112' title='bbox 547 2364 587 2412; x_wconf 86' lang='lat' dir='ltr'>ao</span> <span class='ocrx_word' id='word_1_113' title='bbox 605 2341 809 2437; x_wconf 90' lang='lat' dir='ltr'>plerumque</span> <span class='ocrx_word' id='word_1_114' title='bbox 826 2342 873 2412; x_wconf 89' lang='lat' dir='ltr'>ita</span> <span class='ocrx_word' id='word_1_115' title='bbox 887 2349 986 2412; x_wconf 84' lang='lat' dir='ltr'>acuta</span> <span class='ocrx_word' id='word_1_116' title='bbox 1000 2349 1039 2412; x_wconf 90' lang='lat' dir='ltr'>ut</span> <span class='ocrx_word' id='word_1_117' title='bbox 1053 2340 1223 2434; x_wconf 87' lang='lat' dir='ltr'>ejusmodi</span> <span class='ocrx_word' id='word_1_118' title='bbox 1237 2361 1315 2412; x_wconf 89' lang='lat' dir='ltr'>esse</span> 
     </span>
     <span class='ocr_line' id='line_1_20' title="bbox 193 2455 1308 2552; baseline 0.004 -28"><span class='ocrx_word' id='word_1_119' title='bbox 193 2455 376 2527; x_wconf 88' lang='lat' dir='ltr'>videantur</span> <span class='ocrx_word' id='word_1_120' title='bbox 395 2457 453 2552; x_wconf 90' lang='lat' dir='ltr'>qui</span> <span class='ocrx_word' id='word_1_121' title='bbox 472 2458 634 2552; x_wconf 89' lang='lat' dir='ltr'>proprius</span> <span class='ocrx_word' id='word_1_122' title='bbox 656 2468 708 2529; x_wconf 87' lang='lat' dir='ltr'>est</span> <span class='ocrx_word' id='word_1_123' title='bbox 730 2457 867 2552; x_wconf 89' lang='lat' dir='ltr'>gallicis</span> <span class='ocrx_word' id='word_1_124' title='bbox 888 2458 1178 2552; x_wconf 86' lang='lat' dir='ltr'>epigrammatum</span> <span class='ocrx_word' id='word_1_125' title='bbox 1197 2455 1308 2551; x_wconf 79' lang='lat' dir='ltr'>serip-</span> 
     </span>
     <span class='ocr_line' id='line_1_21' title="bbox 192 2572 366 2645; baseline 0.029 -5"><span class='ocrx_word' id='word_1_126' title='bbox 192 2572 325 2644; x_wconf 88' lang='lat' dir='ltr'>toribus</span> <span class='ocrx_word' id='word_1_127' title='bbox 342 2572 366 2645; x_wconf 84' lang='lat'>¹.</span> 
     </span>
    </p>

    <p class='ocr_par' dir='ltr' id='par_1_10' title="bbox 191 2689 1315 3717">
     <span class='ocr_line' id='line_1_22' title="bbox 239 2689 1314 2786; baseline 0.003 -27"><span class='ocrx_word' id='word_1_128' title='bbox 239 2689 329 2760; x_wconf 88' lang='lat' dir='ltr'>Beza</span> <span class='ocrx_word' id='word_1_129' title='bbox 347 2689 467 2782; x_wconf 89' lang='lat' dir='ltr'>igitur,</span> <span class='ocrx_word' id='word_1_130' title='bbox 492 2713 569 2762; x_wconf 88' lang='lat' dir='ltr'>oum</span> <span class='ocrx_word' id='word_1_131' title='bbox 591 2690 869 2763; x_wconf 88' lang='lat' dir='ltr'>adulescentulus</span> <span class='ocrx_word' id='word_1_132' title='bbox 891 2691 965 2784; x_wconf 89' lang='lat' dir='ltr'>juri</span> <span class='ocrx_word' id='word_1_133' title='bbox 985 2691 1150 2763; x_wconf 90' lang='lat' dir='ltr'>discendo</span> <span class='ocrx_word' id='word_1_134' title='bbox 1171 2712 1314 2786; x_wconf 91' lang='lat' dir='ltr'>operam</span> 
     </span>
     <span class='ocr_line' id='line_1_23' title="bbox 192 2805 1312 2901; baseline 0.004 -27"><span class='ocrx_word' id='word_1_135' title='bbox 192 2805 303 2894; x_wconf 85' lang='lat' dir='ltr'>daret,</span> <span class='ocrx_word' id='word_1_136' title='bbox 316 2806 511 2898; x_wconf 87' lang='lat' dir='ltr'>pecuniam,</span> <span class='ocrx_word' id='word_1_137' title='bbox 523 2817 561 2878; x_wconf 83' lang='lat' dir='ltr'>ut</span> <span class='ocrx_word' id='word_1_138' title='bbox 574 2831 615 2879; x_wconf 84' lang='lat' dir='ltr'>ex</span> <span class='ocrx_word' id='word_1_139' title='bbox 630 2808 742 2878; x_wconf 90' lang='lat' dir='ltr'>tribus</span> <span class='ocrx_word' id='word_1_140' title='bbox 758 2807 1019 2901; x_wconf 87' lang='lat' dir='ltr'>epigrammatis</span> <span class='ocrx_word' id='word_1_141' title='bbox 1033 2808 1202 2901; x_wconf 89' lang='lat' dir='ltr'>suspicari</span> <span class='ocrx_word' id='word_1_142' title='bbox 1217 2809 1312 2897; x_wconf 84' lang='lat' dir='ltr'>licet,</span> 
     </span>
     <span class='ocr_line' id='line_1_24' title="bbox 192 2923 1315 3019; baseline 0.004 -27"><span class='ocrx_word' id='word_1_143' title='bbox 192 2931 343 2994; x_wconf 89' lang='lat' dir='ltr'>mutuam</span> <span class='ocrx_word' id='word_1_144' title='bbox 367 2923 461 2994; x_wconf 90' lang='lat' dir='ltr'>dedit</span> <span class='ocrx_word' id='word_1_145' title='bbox 485 2924 691 3019; x_wconf 88' lang='lat' dir='ltr'>quibusdam</span> <span class='ocrx_word' id='word_1_146' title='bbox 715 2924 963 3018; x_wconf 85' lang='lat' dir='ltr'>eondiscipulis</span> <span class='ocrx_word' id='word_1_147' title='bbox 991 2936 1113 2997; x_wconf 89' lang='lat' dir='ltr'>natura</span> <span class='ocrx_word' id='word_1_148' title='bbox 1134 2923 1315 2997; x_wconf 82' lang='lat' dir='ltr'>obliviosis</span> 
     </span>
     <span class='ocr_line' id='line_1_25' title="bbox 191 3039 1314 3136; baseline 0.004 -27"><span class='ocrx_word' id='word_1_149' title='bbox 191 3047 249 3109; x_wconf 90' lang='lat' dir='ltr'>aut</span> <span class='ocrx_word' id='word_1_150' title='bbox 271 3048 364 3110; x_wconf 84' lang='lat' dir='ltr'>certe</span> <span class='ocrx_word' id='word_1_151' title='bbox 386 3039 664 3134; x_wconf 75' lang='lat' dir='ltr'>negligentibus,</span> <span class='ocrx_word' id='word_1_152' title='bbox 693 3042 801 3112; x_wconf 89' lang='lat' dir='ltr'>Poeta</span> <span class='ocrx_word' id='word_1_153' title='bbox 816 3040 952 3136; x_wconf 87' lang='lat' dir='ltr'>quidem</span> <span class='ocrx_word' id='word_1_154' title='bbox 976 3064 1035 3112; x_wconf 88' lang='lat' dir='ltr'>eos</span> <span class='ocrx_word' id='word_1_155' title='bbox 1059 3040 1152 3113; x_wconf 88' lang='lat' dir='ltr'>ultus</span> <span class='ocrx_word' id='word_1_156' title='bbox 1174 3049 1226 3113; x_wconf 89' lang='lat' dir='ltr'>est</span> <span class='ocrx_word' id='word_1_157' title='bbox 1241 3043 1314 3136; x_wconf 90' lang='lat' dir='ltr'>epi-</span> 
     </span>
     <span class='ocr_line' id='line_1_26' title="bbox 193 3156 1314 3253; baseline 0.004 -28"><span class='ocrx_word' id='word_1_158' title='bbox 193 3156 397 3248; x_wconf 84' lang='lat' dir='ltr'>grammatis</span> <span class='ocrx_word' id='word_1_159' title='bbox 413 3158 626 3250; x_wconf 89' lang='lat' dir='ltr'>quaepotius</span> <span class='ocrx_word' id='word_1_160' title='bbox 634 3159 754 3250; x_wconf 77' lang='lat' dir='ltr'>jocosa</span> <span class='ocrx_word' id='word_1_161' title='bbox 767 3166 850 3228; x_wconf 89' lang='lat' dir='ltr'>sunt</span> <span class='ocrx_word' id='word_1_162' title='bbox 861 3167 896 3229; x_wconf 88' lang='lat' dir='ltr'>et</span> <span class='ocrx_word' id='word_1_163' title='bbox 907 3157 1061 3250; x_wconf 82' lang='lat' dir='ltr'>maligna</span> <span class='ocrx_word' id='word_1_164' title='bbox 1072 3180 1175 3253; x_wconf 92' lang='lat' dir='ltr'>quam</span> <span class='ocrx_word' id='word_1_165' title='bbox 1190 3180 1314 3250; x_wconf 86' lang='lat' dir='ltr'>aspera</span> 
     </span>
     <span class='ocr_line' id='line_1_27' title="bbox 193 3271 1313 3367; baseline 0.003 -25"><span class='ocrx_word' id='word_1_166' title='bbox 193 3283 228 3343; x_wconf 90' lang='lat' dir='ltr'>et</span> <span class='ocrx_word' id='word_1_167' title='bbox 242 3294 374 3344; x_wconf 90' lang='lat' dir='ltr'>amara.</span> <span class='ocrx_word' id='word_1_168' title='bbox 391 3271 649 3367; x_wconf 87' lang='lat' dir='ltr'>Condiseipulos</span> <span class='ocrx_word' id='word_1_169' title='bbox 670 3274 761 3344; x_wconf 89' lang='lat' dir='ltr'>enim</span> <span class='ocrx_word' id='word_1_170' title='bbox 781 3297 861 3345; x_wconf 89' lang='lat' dir='ltr'>suos</span> <span class='ocrx_word' id='word_1_171' title='bbox 882 3273 971 3345; x_wconf 86' lang='lat' dir='ltr'>ridet</span> <span class='ocrx_word' id='word_1_172' title='bbox 983 3282 1040 3345; x_wconf 87' lang='lat' dir='ltr'>aut</span> <span class='ocrx_word' id='word_1_173' title='bbox 1053 3272 1186 3346; x_wconf 86' lang='lat' dir='ltr'>facetiis</span> <span class='ocrx_word' id='word_1_174' title='bbox 1201 3277 1313 3346; x_wconf 85' lang='lat' dir='ltr'>insee-</span> 
     </span>
     <span class='ocr_line' id='line_1_28' title="bbox 194 3389 1313 3483; baseline 0.003 -23"><span class='ocrx_word' id='word_1_175' title='bbox 194 3396 296 3476; x_wconf 85' lang='lat' dir='ltr'>tatur,</span> <span class='ocrx_word' id='word_1_176' title='bbox 315 3398 348 3460; x_wconf 90' lang='lat' dir='ltr'>at</span> <span class='ocrx_word' id='word_1_177' title='bbox 365 3411 539 3483; x_wconf 91' lang='lat' dir='ltr'>nunquam</span> <span class='ocrx_word' id='word_1_178' title='bbox 563 3413 622 3461; x_wconf 86' lang='lat' dir='ltr'>eos</span> <span class='ocrx_word' id='word_1_179' title='bbox 641 3389 784 3461; x_wconf 88' lang='lat' dir='ltr'>offendit</span> <span class='ocrx_word' id='word_1_180' title='bbox 796 3399 856 3461; x_wconf 91' lang='lat' dir='ltr'>aut</span> <span class='ocrx_word' id='word_1_181' title='bbox 871 3390 993 3481; x_wconf 86' lang='lat' dir='ltr'>laedit,</span> <span class='ocrx_word' id='word_1_182' title='bbox 1014 3402 1051 3463; x_wconf 84' lang='lat' dir='ltr'>ut</span> <span class='ocrx_word' id='word_1_183' title='bbox 1070 3392 1313 3463; x_wconf 87' lang='lat' dir='ltr'>ecarminibus</span> 
     </span>
     <span class='ocr_line' id='line_1_29' title="bbox 196 3503 1309 3600; baseline 0.004 -27"><span class='ocrx_word' id='word_1_184' title='bbox 196 3529 214 3573; x_wconf 80' lang='lat' dir='ltr'>u</span> <span class='ocrx_word' id='word_1_185' title='bbox 230 3505 267 3574; x_wconf 90' lang='lat' dir='ltr'>in</span> <span class='ocrx_word' id='word_1_186' title='bbox 288 3505 502 3596; x_wconf 84' lang='lat' dir='ltr'>Asinium»,</span> <span class='ocrx_word' id='word_1_187' title='bbox 531 3529 549 3576; x_wconf 85' lang='lat'>«</span> <span class='ocrx_word' id='word_1_188' title='bbox 569 3507 605 3576; x_wconf 90' lang='lat' dir='ltr'>iu</span> <span class='ocrx_word' id='word_1_189' title='bbox 627 3503 878 3577; x_wconf 79' lang='lat' dir='ltr'>Posthumum²</span> <span class='ocrx_word' id='word_1_190' title='bbox 893 3530 929 3594; x_wconf 75' lang='lat' dir='ltr'>a,</span> <span class='ocrx_word' id='word_1_191' title='bbox 958 3531 977 3578; x_wconf 82' lang='lat' dir='ltr'>u</span> <span class='ocrx_word' id='word_1_192' title='bbox 996 3508 1032 3576; x_wconf 90' lang='lat' dir='ltr'>in</span> <span class='ocrx_word' id='word_1_193' title='bbox 1052 3507 1276 3600; x_wconf 84' lang='lat' dir='ltr'>Bergeduru3</span> <span class='ocrx_word' id='word_1_194' title='bbox 1291 3533 1309 3578; x_wconf 78' lang='lat' dir='ltr'>o</span> 
     </span>
     <span class='ocr_line' id='line_1_30' title="bbox 192 3620 1162 3717; baseline 0.002 -26"><span class='ocrx_word' id='word_1_195' title='bbox 192 3620 341 3715; x_wconf 84' lang='lat' dir='ltr'>perspici</span> <span class='ocrx_word' id='word_1_196' title='bbox 353 3628 485 3715; x_wconf 83' lang='lat' dir='ltr'>potest3</span> <span class='ocrx_word' id='word_1_197' title='bbox 504 3645 647 3716; x_wconf 84' lang='lat' dir='ltr'>quorum</span> <span class='ocrx_word' id='word_1_198' title='bbox 662 3621 914 3717; x_wconf 89' lang='lat' dir='ltr'>lepidissimum</span> <span class='ocrx_word' id='word_1_199' title='bbox 934 3620 1162 3716; x_wconf 85' lang='lat' dir='ltr'>proferamus.</span> 
     </span>
    </p>
   </div>
   <div class='ocr_carea' id='block_1_4' title="bbox 190 3825 1321 3981">
    <p class='ocr_par' dir='ltr' id='par_1_11' title="bbox 190 3825 1321 3981">
     <span class='ocr_line' id='line_1_31' title="bbox 229 3825 1321 3900; baseline 0.005 -23"><span class='ocrx_word' id='word_1_200' title='bbox 229 3826 239 3860; x_wconf 81' lang='lat'><strong>1</strong></span> <span class='ocrx_word' id='word_1_201' title='bbox 260 3845 274 3876; x_wconf 81' lang='lat' dir='ltr'>u</span> <span class='ocrx_word' id='word_1_202' title='bbox 290 3825 310 3878; x_wconf 95' lang='lat' dir='ltr'>ll</span> <span class='ocrx_word' id='word_1_203' title='bbox 327 3826 418 3880; x_wconf 84' lang='lat' dir='ltr'>aimait</span> <span class='ocrx_word' id='word_1_204' title='bbox 435 3844 480 3882; x_wconf 88' lang='lat' dir='ltr'>ces</span> <span class='ocrx_word' id='word_1_205' title='bbox 493 3831 569 3898; x_wconf 86' lang='lat' dir='ltr'>jeux,</span> <span class='ocrx_word' id='word_1_206' title='bbox 584 3835 611 3883; x_wconf 88' lang='lat' dir='ltr'>et</span> <span class='ocrx_word' id='word_1_207' title='bbox 624 3829 664 3899; x_wconf 83' lang='lat' dir='ltr'>s’y</span> <span class='ocrx_word' id='word_1_208' title='bbox 684 3830 840 3898; x_wconf 86' lang='lat' dir='ltr'>distinguait</span> <span class='ocrx_word' id='word_1_209' title='bbox 863 3848 914 3900; x_wconf 89' lang='lat' dir='ltr'>par</span> <span class='ocrx_word' id='word_1_210' title='bbox 935 3847 984 3884; x_wconf 90' lang='lat' dir='ltr'>son</span> <span class='ocrx_word' id='word_1_211' title='bbox 1006 3831 1114 3884; x_wconf 80' lang='lat' dir='ltr'>adressa</span> <span class='ocrx_word' id='word_1_212' title='bbox 1139 3829 1274 3885; x_wconf 87' lang='lat' dir='ltr'>inventive</span> <span class='ocrx_word' id='word_1_213' title='bbox 1297 3831 1321 3882; x_wconf 76' lang='lat' dir='ltr'>a.</span> 
     </span>
     <span class='ocr_line' id='line_1_32' title="bbox 190 3906 1312 3981; baseline 0.004 -21"><span class='ocrx_word' id='word_1_214' title='bbox 190 3907 268 3972; x_wconf 89' lang='lat' dir='ltr'>joner</span> <span class='ocrx_word' id='word_1_215' title='bbox 283 3923 330 3960; x_wconf 88' lang='lat' dir='ltr'>sur</span> <span class='ocrx_word' id='word_1_216' title='bbox 344 3906 369 3961; x_wconf 93' lang='lat' dir='ltr'>le</span> <span class='ocrx_word' id='word_1_217' title='bbox 379 3915 434 3962; x_wconf 88' lang='lat' dir='ltr'>mot</span> <span class='ocrx_word' id='word_1_218' title='bbox 446 3917 472 3962; x_wconf 88' lang='lat' dir='ltr'>et</span> <span class='ocrx_word' id='word_1_219' title='bbox 485 3909 501 3962; x_wconf 80' lang='lat' dir='ltr'>t</span> <span class='ocrx_word' id='word_1_220' title='bbox 512 3916 621 3963; x_wconf 85' lang='lat' dir='ltr'>trouver</span> <span class='ocrx_word' id='word_1_221' title='bbox 631 3926 675 3964; x_wconf 88' lang='lat' dir='ltr'>ces</span> <span class='ocrx_word' id='word_1_222' title='bbox 689 3911 931 3981; x_wconf 83' lang='lat' dir='ltr'>rapproohements</span> <span class='ocrx_word' id='word_1_223' title='bbox 951 3911 1117 3981; x_wconf 86' lang='lat' dir='ltr'>quelquefois</span> <span class='ocrx_word' id='word_1_224' title='bbox 1132 3909 1246 3980; x_wconf 89' lang='lat' dir='ltr'>pue&#39;rils,</span> <span class='ocrx_word' id='word_1_225' title='bbox 1266 3912 1312 3981; x_wconf 86' lang='lat' dir='ltr'>qni</span> 
     </span>
    </p>
   </div>
   <div class='ocr_carea' id='block_1_5' title="bbox 192 3986 1311 4138">
    <p class='ocr_par' dir='ltr' id='par_1_12' title="bbox 192 3986 1311 4138">
     <span class='ocr_line' id='line_1_33' title="bbox 192 3986 1311 4061; baseline 0.008 -23"><span class='ocrx_word' id='word_1_226' title='bbox 192 3986 248 4038; x_wconf 83' lang='lat' dir='ltr'>font</span> <span class='ocrx_word' id='word_1_227' title='bbox 261 3992 333 4041; x_wconf 83' lang='lat' dir='ltr'>toute</span> <span class='ocrx_word' id='word_1_228' title='bbox 345 3987 372 4040; x_wconf 86' lang='lat' dir='ltr'>la</span> <span class='ocrx_word' id='word_1_229' title='bbox 386 3987 484 4057; x_wconf 87' lang='lat' dir='ltr'>pense&#39;o</span> <span class='ocrx_word' id='word_1_230' title='bbox 499 3991 531 4043; x_wconf 88' lang='lat' dir='ltr'>do</span> <span class='ocrx_word' id='word_1_231' title='bbox 549 4005 594 4043; x_wconf 85' lang='lat' dir='ltr'>ces</span> <span class='ocrx_word' id='word_1_232' title='bbox 613 3991 708 4060; x_wconf 83' lang='lat' dir='ltr'>petitos</span> <span class='ocrx_word' id='word_1_233' title='bbox 724 3991 925 4060; x_wconf 83' lang='lat' dir='ltr'>compositiuns,</span> <span class='ocrx_word' id='word_1_234' title='bbox 940 3993 992 4046; x_wconf 84' lang='lat' dir='ltr'>tort</span> <span class='ocrx_word' id='word_1_235' title='bbox 1009 3989 1120 4061; x_wconf 73' lang='lat' dir='ltr'>goutees</span> <span class='ocrx_word' id='word_1_236' title='bbox 1134 4009 1169 4046; x_wconf 87' lang='lat' dir='ltr'>au</span> <span class='ocrx_word' id='word_1_237' title='bbox 1181 4000 1242 4046; x_wconf 80' lang='lat' dir='ltr'>xvi⁰</span> <span class='ocrx_word' id='word_1_238' title='bbox 1256 3992 1311 4047; x_wconf 69' lang='lat' dir='ltr'>sid-</span> 
     </span>
     <span class='ocr_line' id='line_1_34' title="bbox 193 4065 521 4138; baseline 0.009 -18"><span class='ocrx_word' id='word_1_239' title='bbox 193 4065 243 4122; x_wconf 88' lang='lat' dir='ltr'>ole.</span> <span class='ocrx_word' id='word_1_240' title='bbox 260 4085 274 4118; x_wconf 91' lang='lat'>»</span> <span class='ocrx_word' id='word_1_241' title='bbox 291 4067 404 4138; x_wconf 87' lang='lat' dir='ltr'>Sayous,</span> <span class='ocrx_word' id='word_1_242' title='bbox 419 4068 439 4131; x_wconf 85' lang='grc' dir='ltr'>Ι,</span> <span class='ocrx_word' id='word_1_243' title='bbox 457 4069 521 4123; x_wconf 81' lang='lat'><strong>297.</strong></span> 
     </span>
    </p>
   </div>
   <div class='ocr_carea' id='block_1_6' title="bbox 228 4147 1104 4402">
    <p class='ocr_par' dir='ltr' id='par_1_13' title="bbox 228 4147 1104 4402">
     <span class='ocr_line' id='line_1_35' title="bbox 228 4147 1095 4226; baseline 0.009 -25"><span class='ocrx_word' id='word_1_244' title='bbox 228 4149 240 4184; x_wconf 78' lang='lat'><strong>²</strong></span> <span class='ocrx_word' id='word_1_245' title='bbox 330 4147 414 4220; x_wconf 83' lang='lat' dir='ltr'>Saepo</span> <span class='ocrx_word' id='word_1_246' title='bbox 427 4150 536 4220; x_wconf 86' lang='lat' dir='ltr'>quidem</span> <span class='ocrx_word' id='word_1_247' title='bbox 545 4153 627 4207; x_wconf 83' lang='lat' dir='ltr'>verbo</span> <span class='ocrx_word' id='word_1_248' title='bbox 642 4152 732 4218; x_wconf 76' lang='lat' dir='ltr'>solvis,</span> <span class='ocrx_word' id='word_1_249' title='bbox 749 4170 779 4207; x_wconf 91' lang='lat' dir='ltr'>re</span> <span class='ocrx_word' id='word_1_250' title='bbox 789 4151 935 4208; x_wconf 88' lang='lat' dir='ltr'>Posthume</span> <span class='ocrx_word' id='word_1_251' title='bbox 949 4171 1095 4226; x_wconf 86' lang='lat' dir='ltr'>nunquam.</span> 
     </span>
     <span class='ocr_line' id='line_1_36' title="bbox 406 4239 1035 4313; baseline 0.006 -21"><span class='ocrx_word' id='word_1_252' title='bbox 406 4239 481 4304; x_wconf 90' lang='lat' dir='ltr'>Quod</span> <span class='ocrx_word' id='word_1_253' title='bbox 496 4241 573 4294; x_wconf 89' lang='lat' dir='ltr'>toties</span> <span class='ocrx_word' id='word_1_254' title='bbox 587 4240 679 4306; x_wconf 83' lang='lat' dir='ltr'>solvis,</span> <span class='ocrx_word' id='word_1_255' title='bbox 693 4244 750 4309; x_wconf 87' lang='lat' dir='ltr'>jam</span> <span class='ocrx_word' id='word_1_256' title='bbox 766 4258 844 4313; x_wconf 87' lang='lat' dir='ltr'>rogo,</span> <span class='ocrx_word' id='word_1_257' title='bbox 856 4242 928 4297; x_wconf 87' lang='lat' dir='ltr'>solvo</span> <span class='ocrx_word' id='word_1_258' title='bbox 944 4242 1035 4297; x_wconf 86' lang='lat' dir='ltr'>semel.</span> 
     </span>
     <span class='ocr_line' id='line_1_37' title="bbox 229 4320 1104 4402; baseline 0.01 -22"><span class='ocrx_word' id='word_1_259' title='bbox 229 4328 240 4362; x_wconf 81' lang='lat'>³</span> <span class='ocrx_word' id='word_1_260' title='bbox 410 4329 511 4394; x_wconf 82' lang='lat' dir='ltr'>Audes,</span> <span class='ocrx_word' id='word_1_261' title='bbox 524 4330 550 4402; x_wconf 80' lang='lat' dir='ltr'>(d</span> <span class='ocrx_word' id='word_1_262' title='bbox 564 4330 677 4401; x_wconf 82' lang='lat' dir='ltr'>facinus)</span> <span class='ocrx_word' id='word_1_263' title='bbox 692 4320 812 4386; x_wconf 79' lang='lat' dir='ltr'>censoris</span> <span class='ocrx_word' id='word_1_264' title='bbox 826 4347 933 4386; x_wconf 85' lang='lat' dir='ltr'>sumere</span> <span class='ocrx_word' id='word_1_265' title='bbox 948 4349 1104 4389; x_wconf 79' lang='lat' dir='ltr'>normam...</span> 
     </span>
    </p>
   </div>
   <div class='ocr_carea' id='block_1_7' title="bbox 0 0 1575 4988">
    <p class='ocr_par' dir='ltr' id='par_1_14' title="bbox 0 0 1575 4988">
     <span class='ocr_line' id='line_1_38' title="bbox 0 0 1575 4988; baseline 0 0"><span class='ocrx_word' id='word_1_266' title='bbox 0 0 1575 4988; x_wconf 95' lang='lat' dir='ltr'> </span> 
     </span>
    </p>
   </div>
  </div>
 </body>
</html>
