3116 4978
250 411 281 461 16
483 413 528 463 DE
544 411 722 463 rfldouoffl
739 411 851 462 BdZAE
870 411 1139 465 ADULESCENTIA

252 531 440 604 maximam
454 554 473 603 e
487 533 642 606 doctrina
656 534 1154 630 magistrorumpereipiebant
1171 534 1370 606 utilitatem

254 646 354 734 Quod
381 647 592 722 Aurelianae
619 651 758 722 scholae
780 650 901 722 vitium
916 652 1007 724 Bena
1025 653 1099 744 ipse
1118 651 1275 744 anigit1,
1299 651 1374 743 ipse

252 771 367 838 autem
385 789 454 837 non
467 767 635 859 inprimis
647 766 806 838 assiduus
821 767 1220 862 aediligensdiscipulus
1237 765 1375 838 videtur

252 877 466 971 fuisse3nam
477 881 1246 976 saepescholaeetjuriscivilisprofessoribus
1257 892 1375 975 poetas

254 994 418 1090 antiquos
432 999 680 1092 praecipueque
706 999 764 1093 qui
779 1021 915 1070 amores
936 999 1151 1088 cecinerunt,
1178 997 1369 1084 Catullum,

255 1109 488 1206 Propertium,
521 1114 892 1204 Tibullum,0vidium,
909 1116 1121 1209 anteposuit.

307 1253 325 1298 u
346 1229 524 1300 Aureliam
544 1231 664 1322 igitur,
692 1256 795 1327 quum
815 1231 884 1302 iam
913 1245 1077 1324 ageretur
1098 1255 1210 1304 annus
1239 1218 1376 1304 Domini

259 1343 400 1434 «1535,
419 1347 577 1438 perveni,
600 1358 637 1418 ut
659 1349 730 1418 luri
752 1347 853 1420 Civili
872 1371 1012 1442 operam
1027 1371 1205 1421 navarem.
1226 1347 1275 1418 lbi
1292 1371 1375 1418 vero

259 1487 278 1534 u
291 1484 395 1558 quum
409 1462 522 1534 abillo
542 1463 656 1536 studio
671 1464 761 1558 quod
773 1473 808 1535 et
821 1462 972 1536 barbare
986 1473 1021 1536 et
1036 1465 1112 1536 sine
1128 1463 1291 1536 methodo
1304 1463 1376 1535 illic

260 1577 502 1667 «tradebatur,
520 1580 635 1650 neseio
658 1604 724 1673 quo
744 1578 845 1651 modo
864 1579 1100 1667 abhorrerem,
1121 1582 1171 1653 ita
1190 1604 1268 1652 sum
1288 1579 1376 1651 illud

259 1694 484 1788 «amplexus,
505 1705 542 1765 ut
561 1702 674 1766 tamen
691 1697 798 1766 multo
819 1696 983 1766 maiorem
1009 1697 1174 1791 temporis
1192 1697 1377 1790 partemin

261 1835 279 1880 u
294 1809 512 1905 politioribus
527 1811 650 1898 literis,
669 1822 703 1881 et
717 1812 895 1906 utriusque
913 1812 1055 1906 linguae
1073 1811 1300 1907 scriptoribus
1320 1810 1353 1882 le
1367 1853 1378 1864 -

260 1927 421 2020 «tgendis
435 1949 686 1999 consumerem.
714 1926 922 1999 Delectabar
951 1936 1066 2000 autem
1087 1930 1245 2000 Politices
1263 1927 1377 2000 studio

261 2069 278 2112 u
296 2044 425 2113 mirum
452 2043 488 2113 in
518 2043 672 2132 modum,
701 2042 867 2138 adquam
895 2054 1040 2116 naturae
1067 2046 1215 2141 quodam
1247 2046 1378 2138 impetu
1402 2079 1409 2090 ·

261 2183 279 2229 u
297 2158 388 2231 trahi
414 2183 469 2233 me
491 2160 680 2232 sentiebam
698 2185 705 2229 :
723 2182 811 2254 quae
827 2184 883 2233 res
897 2159 1004 2233 efficit
1020 2171 1058 2231 ut
1084 2161 1160 2233 eius
1180 2160 1378 2232 academiae

262 2275 514 2348 «doctissimos
534 2300 687 2372 quosque
704 2277 787 2346 mihi
802 2275 1103 2349 coniunctissimos
1117 2277 1295 2366 haberem,
1321 2279 1376 2371 qui

263 2415 281 2460 u
294 2414 383 2463 nuno
406 2415 525 2464 omnes
539 2393 575 2462 in
595 2390 709 2464 Gallia
732 2391 955 2486 amplissimis
984 2391 1175 2464 honoribus
1190 2391 1375 2464 fruuntur:

263 2531 282 2577 u
297 2516 370 2580 tum
384 2532 467 2581 vero
478 2533 532 2581 me
549 2533 610 2580 suo
624 2508 781 2602 exemplo
797 2510 842 2581 ad
853 2507 1052 2602 politiorum
1070 2508 1252 2581 literarum
1265 2508 1380 2580 studia

264 2646 283 2692 u
296 2648 373 2695 oum
389 2627 468 2698 Iure
487 2623 590 2696 (livill
609 2625 852 2717 coniungenda
871 2632 904 2696 et
922 2626 1075 2720 poeticos
1101 2625 1210 2712 lusus,
1233 2624 1380 2696 mirifice

263 2763 283 2809 u
296 2741 536 2812 incendebant.
559 2740 627 2812 Hic
642 2741 787 2834 igitura
807 2764 862 2813 me
876 2741 968 2812 intra
995 2763 1125 2812 annum
1144 2743 1265 2814 aetatis
1284 2743 1381 2813 viee-

263 2856 424 2928 «simum
447 2858 640 2952 perscripta
666 2855 739 2928 iere
759 2867 840 2928 sunt
866 2859 982 2929 omnia
1013 2858 1073 2930 illa
1093 2859 1260 2931 Poemata
1294 2881 1382 2954 quae

265 2995 284 3042 u
299 2973 428 3067 aliquot
442 2975 519 3067 post
533 2971 631 3044 annis
642 2971 734 3044 edidi
747 2982 780 3044 et
797 2953 998 3045 nominituo
1013 2974 1190 3066 inscripsi,
1204 2975 1240 3044 in
1257 2973 1381 3068 quibus

264 3113 282 3156 «
300 3089 366 3160 etsi
380 3081 545 3162 nonnulla
560 3101 639 3160 sunt
661 3087 765 3181 paulb
777 3088 1005 3179 licentiosius„
1022 3091 1067 3163 ad
1081 3091 1208 3164 Catulli
1222 3090 1384 3163 videlieet

264 3229 284 3272 «
299 3214 333 3276 et
366 3205 515 3277 Nasonis
539 3205 779 3292 imitationem,
819 3205 962 3298 scripta,
991 3214 1109 3278 tamen
1143 3208 1382 3278 minimatum

264 3320 462 3410 «verebar,
498 3343 539 3392 ac
562 3343 605 3391 ne
629 3342 721 3391 nunc
754 3318 892 3414 quidem
914 3342 1040 3392 vereor
1071 3344 1113 3392 ne
1144 3322 1201 3415 qui
1230 3344 1285 3393 me
1311 3334 1383 3392 tum

264 3460 282 3505 u
299 3447 473 3508 noverunt
488 3435 602 3532 qualis
616 3433 756 3524 fuerim,
774 3459 890 3507 mores
902 3459 998 3510 meos
1014 3460 1056 3506 ex
1068 3435 1153 3508 fietis
1167 3435 1236 3507 illis
1251 3435 1384 3509 lusibus

267 3551 492 3623 «aestiment.
514 3553 582 3625 Sed
612 3552 736 3624 dehac
757 3575 794 3623 re
814 3560 947 3644 postea.
963 3577 981 3623 u
1003 3551 1127 3646 Epist.
1144 3554 1196 3624 ud
1218 3553 1384 3629 Wotneu-

265 3666 379 3739 rium.

314 3784 399 3856 Inde
416 3784 615 3880 frequentes
630 3785 739 3879 patris
765 3785 1021 3855 admonitiones
1036 3805 1261 3877 severaeque‚
1279 3784 1386 3856 immo

266 3900 491 3973 vehementes
510 3911 544 3971 et
569 3901 690 3972 iratae.
709 3899 964 3992 Indignabatur
977 3900 1105 3971 Petrus
1119 3900 1222 3990 Rem,
1240 3909 1277 3969 ut
1295 3924 1387 3972 scm-

268 4041 331 4111 per
363 4039 483 4090 omnes
516 4025 631 4108 patres
660 4016 831 4108 indignati
852 4027 943 4103 sunt,
976 4015 1065 4110 quod
1091 4015 1183 4088 filius
1203 4017 1294 4088 seria
1326 4040 1388 4109 pro

308 4309 317 4345 ¹
335 4310 383 4378 Cf.
397 4311 491 4373 llaum,
506 4309 551 4376 23,
563 4308 608 4374 25,
624 4308 659 4363 26
