3124 4988
586 413 632 464 Du
646 413 918 466 EPIGRAMMATIS
1284 417 1317 468 95

191 584 292 656 liceat
325 586 393 655 duo
414 585 482 657 alia
499 587 761 681 epigrammata.
785 589 901 660 Unum
921 588 1063 682 paulum
1084 591 1240 683 putidum
1264 602 1315 662 est

193 712 227 771 et
245 701 469 795 exquisitum,
480 703 670 796 jucundum
686 713 817 794 tamen,
834 705 870 775 in
882 705 1156 800 quoluditpoeta
1168 706 1314 778 irridet-

185 838 261 918 ¹que
280 815 500 912 antiquorum
516 841 629 890 mores
654 842 799 913 quorum
821 842 858 890 se
884 827 1088 892 sectatorem
1108 821 1312 916 essefiugit,

193 933 404 1026 epigramma
422 934 499 1005 dico
521 960 540 1004 n
555 935 598 1005 ad
612 935 732 1006 Musas
747 961 781 1006 n.
800 935 846 1008 Sc
865 936 961 1008 enim
981 936 1314 1008 simulatimmolan-

194 1060 263 1121 tem
276 1050 388 1121 Musis
406 1051 534 1122 tineam
550 1075 636 1146 quae
650 1065 828 1145 poetarum
842 1053 951 1124 libros
966 1054 1122 1125 devoret.

432 1231 551 1290 Accede
564 1249 582 1289 o
594 1231 685 1302 tinea,
705 1232 757 1290 illa
772 1251 847 1310 quae
861 1233 970 1311 pusillo

432 1319 578 1379 Ventrem
592 1339 720 1397 corpore
736 1328 796 1380 tam
814 1323 896 1399 geris
911 1342 1062 1394 voracem,

434 1409 515 1468 Tene
530 1410 686 1468 Pieridum
707 1413 832 1488 aggredi
851 1412 1029 1473 ministros?

434 1499 517 1557 Tene
531 1500 676 1558 arrodere
690 1506 752 1559 tam
766 1519 867 1560 sacros
882 1503 1024 1562 laboresl

434 1588 500 1648 Nec
514 1587 626 1646 iactum
641 1590 714 1647 mihi
730 1591 845 1666 denega
866 1611 873 1650 z
891 1608 959 1650 ecoe
974 1591 1048 1651 furti

431 1677 490 1738 Tui
502 1679 651 1754 exempla,
667 1687 738 1739 tuae
752 1687 781 1740 et
795 1682 983 1741 voracitatis.

436 1770 484 1827 Tu
500 1768 564 1825 fere
578 1767 653 1826 mihi
667 1787 818 1845 passerem
834 1773 958 1845 Catulli,

432 1859 477 1917 Tu
491 1855 553 1914 fere
567 1856 641 1914 mihi
657 1859 797 1918 Lesbiam
810 1860 974 1922 abstulisti.

432 1947 522 2007 Nune
538 1949 621 2002 certe
635 1963 720 2007 meus
734 1949 787 2009 llle
803 1949 954 2010 Martialis

431 2039 496 2097 Ima
509 2033 546 2094 ad
562 2033 680 2096 viscera
694 2056 782 2100 rosus
797 2058 893 2116 usque
906 2041 1095 2117 languet.....

431 2135 508 2210 Age,
525 2136 615 2196 istum
626 2133 735 2212 jugulo
749 2136 800 2189 tno
820 2147 993 2191 mucronem

435 2223 570 2284 Cruenta
585 2224 691 2298 excipe
706 2226 737 2279 et
750 2221 842 2278 istum
857 2225 886 2278 et
901 2221 992 2279 istum
1008 2229 1038 2281 et
1060 2223 1152 2282 istum
1159 2267 1220 2285 .....

240 2386 352 2460 Multa
367 2389 403 2459 in
426 2390 492 2461 hoc
506 2390 661 2462 carmine
683 2389 818 2485 placent
839 2413 848 2480 ;
881 2390 1039 2485 quamvis
1057 2389 1093 2460 in
1111 2390 1314 2462 universum

192 2504 338 2576 ridicula
351 2505 395 2576 sit
411 2506 568 2600 imitatio,
591 2514 705 2578 tamen
734 2505 909 2577 interdum
923 2507 1184 2576 venerationem
1205 2526 1314 2600 quan-

194 2620 272 2692 dam
299 2623 521 2716 antiquorum
545 2645 723 2694 sacrorum
747 2621 846 2692 nobis
871 2628 1048 2715 praestare
1088 2620 1239 2692 videtur.
1266 2660 1314 2672 -

191 2736 348 2809 Alterum
367 2736 582 2830 epigramma
598 2738 722 2810 melius
737 2747 802 2825 est,
821 2736 912 2832 quod
930 2761 948 2806 e
963 2736 1006 2806 ad
1027 2736 1280 2808 Bibliothecam
1292 2759 1310 2805 >r

190 2852 401 2925 inscribitur.
437 2853 688 2925 Bibliothecam
720 2876 817 2924 suam
859 2851 989 2924 salutat
1012 2862 1113 2946 poeta
1141 2874 1312 2945 recogno·

190 2971 322 3066 scitque
339 2992 458 3041 omnes
478 2970 664 3064 scriptores
684 2993 771 3066 quos
798 2969 997 3040 carissimos
1024 2968 1142 3040 habet.

432 3144 554 3203 Salvete
568 3144 735 3202 incolumes
756 3145 816 3203 mei
829 3143 937 3216 libelli,

430 3233 514 3293 Meae
529 3233 663 3303 deliciae,
681 3251 767 3292 meae
786 3233 910 3305 salutes,

437 3321 529 3382 Salve
542 3323 584 3380 mi
597 3323 714 3395 Cicero,
730 3322 847 3382 Catulle
862 3320 957 3394 salve,

432 3411 524 3471 Salve
539 3412 580 3470 mi
595 3412 682 3471 Maro
688 3455 749 3475 .....

238 3574 305 3645 Hic
347 3572 658 3648 animadvertimus
700 3597 765 3667 quo
806 3573 931 3669 gaudio
974 3569 1103 3666 perfusi
1142 3571 1211 3642 sint
1243 3569 1312 3641 viri

190 3689 381 3762 studiorum
402 3688 632 3761 amantissimi
652 3712 730 3760 cum
745 3689 852 3760 libros
868 3711 949 3760 suos
965 3687 1158 3758 studiorum
1174 3686 1313 3758 instru‹

168 3851 169 3858 κ
190 3815 306 3879 menta
327 3806 493 3877 revisunt.
519 3804 750 3899 Antiquitatis
776 3805 868 3876 enim
888 3803 1035 3876 caritate
1049 3803 1139 3874 Beza
1152 3826 1220 3874 nou
1240 3801 1311 3872 mi-

190 3947 255 3994 nus
278 3922 512 3994 inflammatus
535 3929 586 3992 est
617 3943 722 4015 quam
757 3921 814 4015 qui
846 3920 1017 4012 maxime3
1049 3927 1151 4013 atque
1188 3941 1311 3990 rursus

190 4048 404 4133 quantopere
426 4059 447 4109 a
472 4038 553 4132 jure
578 4037 671 4108 civili
687 4036 909 4108 abhorruerit
925 4036 991 4107 hoe
1005 4058 1147 4107 carmen
1168 4034 1308 4108 iudicat.

188 4155 303 4249 Hujus
330 4155 431 4224 unius
458 4153 720 4247 epigrammatis
749 4153 987 4246 gratiaBezae
1008 4150 1116 4223 multa
1133 4150 1311 4244 inquinate

188 4271 317 4366 scripta
344 4270 539 4341 condonare
566 4293 761 4365 possumus.
793 4268 958 4340 Attamen
990 4266 1178 4341 notandum
1199 4273 1251 4337 est
1275 4265 1311 4335 in
