3124 4988
252 431 299 484 roa
453 406 457 416 '
717 433 908 486 conanusro

299 580 400 654 Adde
415 582 506 675 quod
519 605 601 654 vere
617 579 784 677 juvenilia
795 587 874 652 sunt
892 603 933 668 ea
949 587 1107 674 poemata
1117 588 1151 652 et
1166 577 1376 652 adulescen-

252 707 316 780 tuli
341 729 484 778 mauum
500 707 624 802 ubique
643 707 796 777 indicant
812 705 951 776 vixdum
972 729 1014 776 ex
1036 706 1281 798 magistrorum
1297 703 1375 774 dis-

250 832 378 927 ciplina
402 841 505 929 atque
531 833 728 904 scholarum
750 832 847 927 quasi
864 831 1027 902 claustris
1046 831 1083 902 in
1099 830 1261 902 liberiora
1278 832 1372 902 vitae

250 959 359 1052 spatia
367 958 487 1053 elapsi,
500 958 555 1030 cui
568 980 679 1053 neque
691 957 827 1029 animus
843 958 963 1028 firmus
973 966 1197 1050 maturosque
1205 957 1248 1028 sit
1261 980 1374 1052 neque

252 1106 366 1154 rerum
393 1082 641 1178 hominumque
668 1081 793 1178 peritia
821 1103 933 1177 neque
965 1082 1126 1176 propriae
1147 1081 1376 1174 cogitationes

248 1208 494 1303 opinionesque
518 1231 561 1278 ex
591 1231 656 1279 usu
685 1216 719 1278 et
742 1207 968 1280 meditatione
998 1207 1234 1302 depromptae,
1263 1230 1375 1302 neque

251 1335 435 1428 praecipue
448 1335 485 1404 in
505 1332 686 1404 scribendo
711 1332 772 1403 illa
786 1332 928 1404 solertia
952 1342 1055 1427 atque
1078 1331 1251 1402 industria
1272 1354 1374 1427 quarn

252 1458 311 1556 qui
332 1461 406 1554 J'am
431 1458 538 1530 multa
557 1458 770 1552 scripserunt
793 1457 968 1552 possident
999 1480 1110 1554 eaque
1135 1455 1215 1529 freti
1239 1456 1374 1551 ingenii

248 1585 402 1679 inopiam
430 1581 679 1678 quodammodo
708 1582 943 1654 dissimulant.
980 1583 1068 1654 Cum
1098 1591 1241 1653 naturae
1268 1582 1371 1654 beni-

248 1709 384 1802 gnioris
399 1708 512 1798 donis,
531 1719 604 1780 tum
619 1708 789 1801 longioris
801 1708 925 1779 aetatis
941 1707 1063 1802 opibus
1080 1707 1269 1779 destitutus
1283 1681 1387 1779 Beza'

251 1833 296 1904 ad
309 1844 468 1928 poemata
483 1832 719 1928 componenda
737 1855 945 1927 progressus
961 1841 1026 1905 est.

297 1961 444 2032 Poeticis
454 1959 639 2030 virtutibus
649 1959 849 2053 parcissime
859 1969 1033 2048 ornatum,
1044 1959 1168 2030 rudem
1184 1960 1367 2031 Musarum

248 2087 393 2161 militiae
408 2087 560 2158 tironem
576 2084 660 2180 quid
675 2108 816 2158 necesse
834 2095 909 2157 erat
924 2082 1060 2156 laceret
1074 2085 1305 2174 Thesaurum,
1320 2085 1376 2180 qui

249 2237 337 2285 unus
353 2214 386 2284 ei
399 2223 538 2306 praesto
547 2220 637 2302 erat,
651 2211 727 2282 sine
742 2210 813 2282 ulla
828 2221 860 2282 et
873 2210 1086 2282 dubitatione
1096 2221 1130 2282 et
1139 2209 1377 2283 moderatione

249 2338 451 2433 compilare,
473 2337 582 2408 libros
618 2337 694 2410 dico
722 2338 941 2432 antiquorum
970 2315 1164 2430 poetarum,
1196 2335 1375 2432 inprimis

245 2465 452 2552 latinorum,
466 2461 677 2555 exemplaria
687 2484 773 2556 quae
786 2462 902 2555 plures
915 2484 976 2555 per
988 2483 1098 2533 annos
1109 2460 1256 2533 adsidua
1272 2484 1376 2533 manu

250 2599 456 2664 versaverat
469 2597 571 2684 atque
586 2609 627 2659 ea
640 2587 708 2659 illis
722 2585 933 2681 temporibus
944 2587 1180 2680 pulcherrima
1197 2597 1230 2660 et
1241 2587 1376 2680 perfec·
1458 2571 1465 2590 ⁸

249 2716 384 2814 tissima
400 2723 434 2785 et
453 2713 548 2784 omni
562 2711 792 2783 admiratione
820 2709 929 2801 digna
945 2711 1245 2784 existimabantur.
1268 2713 1376 2784 Anti-

249 2863 334 2935 quos
352 2838 459 2932 igitur
483 2838 636 2909 imitatus
654 2845 706 2908 est
735 2837 847 2924 Beza3
871 2857 912 2905 ex
934 2809 1154 2931 antiquorum
1184 2839 1374 2910 imitatione

251 2965 436 3036 maximam
462 2973 595 3059 partem
628 2971 788 3035 constant
815 2963 927 3034 Bonae
955 2971 1137 3057 poemata;
1161 2965 1204 3035 ab
1228 2963 1377 3059 antiquis

251 3093 398 3185 sumpsit
425 3099 459 3162 et
487 3112 619 3184 genera
642 3097 677 3161 et
700 3096 906 3181 argumenta
930 3087 1040 3159 multa
1067 3097 1102 3160 et
1125 3090 1373 3184 explicationes

250 3224 337 3288 totas
356 3216 518 3310 locosque
539 3237 740 3286 communes
756 3222 790 3285 et
817 3213 933 3285 stilum
945 3220 977 3284 et
998 3236 1160 3285 numeros
1176 3215 1375 3308 modosque.

252 3340 340 3424 Quia
356 3339 487 3434 elegias
506 3341 596 3434 apud
617 3338 745 3412 latinos
768 3340 937 3431 Catullus,
961 3339 1179 3431 Propertius,
1203 3339 1374 3431 Tibullus,

251 3465 396 3540 Ovidius
411 3465 604 3555 ediderant,
627 3463 771 3557 Elegias
789 3464 897 3536 edidit
917 3465 1027 3556 Beza3
1055 3463 1241 3559 Sylvarum
1257 3488 1377 3537 exem-

252 3594 345 3688 plum
362 3592 495 3664 Statius
506 3590 734 3684 eipraestitit,
750 3590 1246 3684 EpigrammatumMartialis.
1258 3591 1376 3663 Unum

252 3742 364 3811 genus
384 3726 437 3790 est
451 3715 703 3811 epitaphiorum
723 3716 814 3811 quod
830 3714 1034 3810 aequalibus
1051 3716 1124 3787 suis
1140 3716 1312 3789 debuerit.
1329 3759 1378 3773 -

252 3846 308 3918 Ab
337 3842 488 3939 antiquis
514 3864 650 3937 quoque
681 3841 787 3914 multa
823 3850 1109 3936 argumentorum
1134 3844 1309 3938 sumpsit:
1343 3846 1378 3917 in

252 3970 376 4067 Sylois
396 3994 413 4038 u
435 3967 687 4041 devotionem»
705 3968 805 4039 Decii
820 3978 922 4060 atque
941 3975 1154 4039 «mortem»
1176 3968 1352 4041 Ciceronis
1367 3994 1377 4061 ;

141 4110 144 4117 '
249 4098 288 4167 in
307 4093 451 4188 Elept‘t's
475 4091 660 4181 somnium,
683 4116 749 4188 quo
772 4092 925 4166 Candida
950 4093 1067 4188 perire
1090 4092 1123 4164 ei
1151 4092 1299 4182 videtur,
1324 4094 1379 4166 vel

251 4221 366 4314 potius
398 4216 562 4313 quidquid
589 4216 632 4287 de
656 4218 785 4288 amoris
808 4217 991 4288 tormentis
1016 4217 1181 4309 expressit
1190 4241 1200 4308 ;
1228 4213 1378 4313 denique

199 4341 205 4358 ‘
253 4344 296 4416 ad
321 4341 519 4414 Martialem
545 4340 797 4433 epigrammata
814 4341 982 4434 quaedam
1006 4338 1134 4411 referri
1156 4347 1312 4432 possunt.
1329 4382 1377 4395 -
