3116 4978
647 431 694 481 DE
712 430 834 484 SYLVIS
1267 427 1298 477 37

220 579 377 674 Denique
392 601 555 672 suprema
565 577 873 649 necessitasadest.
892 577 1114 669 (lampertum
1129 575 1298 648 babemus

171 676 327 750 Tullium
353 675 491 748 fortiter
511 689 544 747 et
567 675 718 748 viriliter
743 698 818 747 eam
846 675 1088 747 necessitatem
1109 676 1296 768 accepisse.

173 794 243 866 Sed
258 817 327 864 nou
344 794 429 866 haec
445 792 613 886 discipulo
627 792 814 864 admodum
824 792 947 888 Juveni
959 802 993 862 et
1003 789 1081 862 rudi
1096 790 1300 864 satisfacere
1382 875 1385 880 ,

173 917 285 1003 potest
299 909 515 1006 simplicitas.
546 911 663 995 Quare
677 908 810 996 (licere,
831 909 1018 980 stoicorum
1032 907 1300 1002 superbissimo-

171 1049 250 1097 rum
266 1025 367 1097 modo
388 1026 632 1097 «immeritam
649 1027 685 1096 in
698 1033 847 1097 mortem
856 1025 969 1118 plenis
984 1025 1094 1095 currit
1105 1023 1250 1096 habenis
1261 1051 1297 1116 n,

171 1165 240 1215 non
268 1143 353 1214 adeo
395 1150 511 1213 tamen
540 1140 662 1236 rapido
693 1163 797 1212 cursu
826 1140 1063 1236 effrenatoque
1099 1141 1229 1235 impetu
1262 1151 1300 1213 ut

170 1259 426 1331 intercludatur
455 1258 612 1352 spiritus,
632 1281 710 1328 nam
734 1257 855 1350 largos
882 1266 1047 1351 quaestus
1070 1256 1150 1328 illos
1163 1255 1296 1332 fundit:

572 1436 663 1496 Bruti
680 1436 822 1511 Cassique
837 1437 941 1494 beatae

149 1565 155 1580 ·
251 1526 357 1587 Vivite
372 1545 426 1585 vos
443 1525 572 1584 animae.
593 1526 678 1595 Quod
694 1529 719 1585 si
735 1544 793 1584 non
810 1525 909 1584 omnia
924 1525 1011 1584 nobis

250 1617 325 1677 Fata
341 1621 461 1685 nocent,
484 1613 585 1673 forsan
605 1633 659 1672 nec
674 1632 728 1674 nos
741 1615 908 1674 moriemur
922 1613 1024 1676 inulti.

251 1707 315 1764 Iam
332 1705 399 1764 vixi
413 1704 488 1762 mihi
503 1704 598 1764 Roma
615 1704 697 1776 satis,
715 1721 771 1762 nec
785 1704 849 1762 vita
868 1704 971 1762 vereri

251 1797 329 1854 Acta
345 1799 430 1852 vetat
446 1793 551 1870 nigrae
570 1793 713 1853 damnosa
728 1792 842 1852 oblivia
861 1791 980 1853 mortis.

254 1884 400 1957 Occidite‚
417 1889 448 1942 at
460 1889 584 1942 noscent
598 1882 721 1942 venturi
734 1889 841 1941 cuncta
856 1889 989 1961 nepotes,

252 1975 475 2049 AEternamque
490 1974 602 2032 dabunt
615 1973 754 2032 morienti
769 1972 843 2032 haec
857 1971 962 2032 lunera
977 1973 1083 2035 vitam.

254 2065 349 2122 Immo
363 2061 429 2141 (aut
444 2062 534 2122 fallor
548 2081 604 2140 ego
620 2069 650 2122 et
663 2063 777 2121 frustra
794 2063 852 2122 tibi
866 2062 963 2122 Roma
978 2069 1098 2124 creatus

251 2154 360 2230 Augur
371 2170 454 2211 eram
470 2153 634 2230 quondam)
657 2170 715 2211 non
731 2170 850 2230 semper
868 2153 965 2213 amica
986 2153 1100 2214 favebit

251 2242 363 2302 Antoni
378 2243 512 2302 Fortuna
525 2243 591 2317 tibi,
609 2241 749 2318 civesque
764 2248 935 2318 peremptos

254 2334 387 2410 Tempus
403 2331 462 2390 erit
475 2332 590 2391 victrix
605 2338 666 2392 ate
680 2351 737 2409 quo
752 2332 849 2393 Roma
863 2339 1012 2408 reposcat.

251 2421 301 2480 Me
311 2426 401 2500 juvet
415 2421 532 2480 interea
542 2429 697 2498 speratum
713 2423 847 2482 invisere
863 2422 991 2482 caelum.

219 2605 394 2678 Nimirum
410 2603 454 2676 sit
469 2603 608 2676 dilficile
618 2605 847 2676 imitationem
860 2605 1001 2697 Virgilii
1012 2605 1170 2678 invenire
1182 2606 1294 2700 aptio·-

168 2744 244 2794 rem
259 2721 454 2815 idcircoque
469 2721 737 2793 mirabiliorem!

218 2839 316 2909 Finis
342 2837 471 2933 Sylvae
490 2837 668 2910 decentior
689 2846 724 2909 et
744 2837 887 2909 brevior
910 2837 984 2910 fore
1009 2838 1193 2910 videbatur
1213 2863 1290 2910 cum

167 2956 282 3027 Bezae
295 2955 333 3026 in
355 2963 508 3026 mentem
527 2956 624 3025 venit
643 2962 682 3025 ut
707 2955 802 3044 deoS,
826 2954 1114 3048 quemadmodum
1138 2956 1174 3025 in
1195 2957 1291 3050 epico

167 3072 320 3142 carmine
341 3071 419 3142 fieri
447 3070 547 3160 solet,
564 3071 802 3143 introduceret
824 3070 1033 3165 Phoeboque
1060 3073 1226 3166 quasdam
1255 3071 1291 3142 in

168 3187 366 3259 narratione
380 3196 495 3280 partes
515 3186 704 3258 tribueret:

588 3368 770 3429 Morientem
784 3368 862 3428 vidit
878 3372 913 3428 ab
933 3370 994 3430 alto

248 3475 366 3536 Invitus
381 3476 463 3534 caelo
480 3475 623 3534 Phoebus
638 3471 781 3551 piceaque
795 3473 929 3534 refertur

247 3566 336 3627 Nube
350 3570 440 3643 caput
460 3565 573 3625 texisse
589 3563 652 3626 diu.

215 3734 331 3827 Magis
351 3732 512 3805 decorum
525 3732 646 3805 fuisset
658 3735 695 3805 in
710 3757 751 3806 ea
768 3757 808 3806 re
822 3736 948 3806 Bezam
963 3734 1174 3807 abstinuisse
1190 3759 1289 3830 prae-

166 3849 354 3923 clarissimi
370 3848 507 3945 quidem
527 3873 546 3920 <t
561 3849 604 3921 de
617 3859 728 3921 morte
743 3852 899 3924 Caesaris
917 3877 935 3920 n
955 3851 1209 3945 Georgicorum
1223 3851 1288 3922 loci

165 3967 369 4044 imitatione.
389 3967 435 4038 Et
458 3965 519 4036 illa
543 3965 648 4037 Pitho
673 3989 775 4061 quam
794 3965 941 4038 ridicula
961 3966 1138 4061 procedit!
1163 4006 1209 4019 -
1232 3968 1289 4040 Sic

165 4090 412 4177 argumentum
427 4081 559 4170 nobile,
578 4103 703 4173 grave,
727 4082 922 4174 pulchrum,
945 4084 1035 4155 Beza
1057 4081 1239 4154 ridiculum
1255 4091 1289 4155 et

165 4197 385 4294 inquinatum
402 4197 528 4274 effecit.
542 4197 726 4268 Melcbiori
742 4199 881 4293 quidem
896 4197 1094 4271 Wolmario
1113 4206 1147 4271 et
1163 4199 1199 4272 J.
1217 4198 1289 4270 (la-

166 4314 317 4387 merario
344 4322 505 4410 utraque,
533 4312 722 4408 dequibus
753 4314 918 4404 diximus,
937 4314 1045 4409 Sylva
1072 4309 1290 4387 admirabilis
