3116 4978
277 409 309 462 aa
744 407 791 460 or
808 405 931 476 srnvrs

279 565 343 647 est,
374 564 412 629 ut
439 554 601 651 turgidus
620 554 831 650 minimeque
851 555 965 627 scrius
984 564 1089 650 atque
1107 553 1293 627 admodum
1315 551 1403 629 ridi-

279 673 380 746 culus
401 695 477 746 esse
494 672 685 745 videretur.

273 813 274 818 ’
327 790 374 863 Ut
388 788 561 862 abstinere
575 812 644 860 non
663 787 773 883 potuit
797 787 879 884 quin
899 787 1043 860 Decium
1069 788 1177 861 verba
1192 788 1398 865 immodeste

279 906 479 980 fundentem
495 904 691 998 effingeret,
709 905 867 1000 quamvis
883 928 941 976 res
952 913 986 977 et
1008 913 1142 1000 tempus
1160 906 1303 980 minime
1322 931 1405 1002 pos·

279 1021 442 1111 tulareut,
473 1010 523 1093 sic
537 1020 673 1094 Tullius
697 1021 788 1114 apud
814 1020 940 1092 Bezam
969 1021 1005 1092 id
1027 1044 1167 1116 prorsus
1184 1022 1311 1096 oblitus
1331 1034 1400 1115 est,

279 1141 378 1233 cujus
397 1145 512 1210 tamen
534 1160 572 1209 re
589 1159 672 1209 vera
685 1145 724 1209 ut
737 1159 837 1209 nemo
851 1135 986 1232 peritus
1000 1145 1074 1209 erat
1087 1147 1120 1208 et
1136 1135 1297 1220 callidus,
1319 1139 1403 1235 quid

277 1255 316 1327 in
330 1277 464 1350 quoquc
478 1262 633 1347 tempore
655 1253 804 1342 deceret,
824 1252 908 1348 quid
920 1277 1003 1324 non.
1028 1253 1080 1326 Ac
1094 1253 1247 1347 primum
1267 1255 1401 1350 tragica

278 1371 458 1444 inflatione
475 1371 622 1465 quadam
641 1369 793 1442 narratio
805 1369 958 1442 laborat:

360 1537 443 1614 Ergo
465 1540 499 1596 ut
517 1541 674 1595 ventorum
688 1533 804 1593 rabiem
819 1532 978 1610 pelagique
996 1533 1130 1593 furorem

360 1625 543 1684 Indomitum
556 1623 683 1701 aspexit,
699 1622 770 1682 fatis
784 1623 842 1684 heu
855 1624 999 1699 poscitur,
1020 1623 1128 1700 inquit,

361 1715 503 1775 Poscitur
523 1713 630 1774 infelix
646 1713 762 1781 Cicero,

265 1861 269 1866 ’
329 1873 1404 1970 NequetamensinesolertiaetgravitateBezaostenditmare

281 2001 314 2098 et
333 1989 504 2064 elementa
523 1994 597 2088 ipsa
616 1994 715 2089 quasi
735 1993 914 2086 conjurata
929 1992 964 2064 iu
985 1993 1164 2066 Ciceronis
1185 1993 1371 2089 perniciem
1390 2017 1399 2064 :

843 2198 906 2219 .....
910 2155 1020 2234 diuque

338 2259 472 2328 ,Obnisi
492 2237 600 2320 saevos
614 2261 944 2340 pelagitransceudere
965 2263 1089 2339 fluctus,

362 2350 469 2410 Omnia
481 2351 625 2411 laxarunt
645 2352 732 2410 iratis
747 2353 872 2412 carbasa
888 2353 998 2424 ventis,

359 2440 398 2498 Et
420 2440 541 2500 tandem
555 2440 736 2502 incolumem
749 2446 922 2502 statuerunt
936 2442 1043 2502 littore
1055 2458 1192 2520 proram.

327 2604 458 2679 Eodem
478 2612 578 2684 modo
596 2610 760 2707 itaquae
777 2609 982 2704 protulimus
1006 2633 1015 2680 ι

745 2843 807 2864 .....
813 2799 897 2861 Fatis
911 2800 970 2860 heu
985 2798 1133 2878 poscitur,
1145 2798 1253 2878 inquit,

261 2929 265 2934 -
362 2889 507 2950 Poscitur
529 2889 637 2950 infelix
650 2888 767 2964 Cicero,

283 3082 436 3158 quaeque
449 3069 640 3157 sequuntur
659 3085 666 3132 :

787 3229 848 3250 .....
853 3186 1023 3247 convertite
1044 3185 1113 3246 vela

363 3297 403 3356 ut
418 3313 466 3354 mc
483 3293 602 3353 vicinae
615 3293 795 3354 moriturum
812 3294 932 3354 reddite
942 3293 1039 3372 ripae,

282 3457 440 3551 quamvis
467 3454 511 3526 ad
539 3475 723 3547 personam
747 3453 917 3546 tragicam
946 3452 1060 3546 aptius
1076 3453 1306 3546 pertinerent,
1330 3474 1400 3524 non

282 3570 466 3642 admodum
491 3569 609 3663 inepta
638 3577 729 3642 sunt.
760 3568 828 3641 Sed
848 3568 929 3665 quid
959 3569 1122 3640 nosistae
1146 3566 1340 3640 sententiae
1367 3577 1404 3639 et

283 3687 390 3760 verba
400 3695 615 3758 commovent
633 3688 647 3754 t

364 3847 488 3922 Scilicet
510 3860 563 3919 has
577 3864 680 3934 grates
696 3857 804 3933 gladiis
826 3863 929 3936 crepta
943 3863 1064 3917 tuorum

254 3983 260 3990 ·
363 3951 467 4012 Patria
481 3949 638 4028 persolves
654 3947 666 4004 i
681 3945 804 4017 moriar,
821 3947 866 4006 sic
881 3947 1003 4006 numina
1018 3946 1135 4015 divum,

365 4042 416 4101 Sic
431 4040 555 4100 voluere
577 4037 637 4112 dei,
653 4042 774 4096 servata
796 4043 829 4095 ut
844 4037 955 4098 Consul
969 4037 998 4094 in
1015 4036 1090 4094 urbe

362 4129 481 4189 Tullius
494 4129 635 4188 intereat.
664 4126 729 4186 Nec
745 4126 832 4203 plura
843 4127 960 4201 effatus,
982 4127 1019 4185 ab
1033 4125 1094 4184 imo

364 4220 461 4280 (lorde
473 4217 598 4278 trahens
613 4215 742 4293 gemitus
757 4221 943 4275 memoratae
964 4216 1000 4275 ad
1017 4215 1138 4275 uomina
1160 4215 1294 4289 Romae,

363 4311 465 4369 lmbre
478 4306 581 4368 oculos
595 4305 825 4384 lachrymisque
840 4323 934 4382 genas
953 4305 1091 4382 implevit
1105 4305 1232 4364 obortis.
