3124 4988
600 435 648 484 DE
664 433 862 484 EPl'l'APHllS
1260 435 1291 485 11

221 575 374 672 lneptius
390 583 508 670 etiam,
526 581 554 649 si
574 579 649 652 fieri
667 591 793 675 potest,
812 590 847 652 et
865 579 1044 651 ridiculius
1074 589 1127 652 est
1155 580 1292 666 Queliui

173 695 409 790 epitaphium:
557 703 560 709 ’

414 876 481 950 Ille,
497 876 639 954 Calliope,
657 876 805 946 Queliuus
821 877 885 948 ille,

413 968 452 1024 Et
466 973 536 1024 tuus
549 967 651 1037 simul,
669 973 698 1024 et
713 984 798 1026 meus
814 966 972 1041 Queliuus,

411 1055 477 1130 Ille,
494 1055 627 1131 inquam,
645 1055 676 1113 in
690 1057 789 1114 media
812 1073 905 1114 senex
913 1059 1041 1132 juventa

410 1143 505 1220 Aquis
520 1143 635 1202 interiit
650 1145 743 1202 miser
757 1146 812 1202 sub
824 1144 895 1220 illis,

410 1233 478 1292 Non
492 1249 565 1307 quas
579 1233 660 1292 fonte
673 1241 725 1293 tuo
741 1236 895 1303 hauserat,
915 1251 969 1292 neo
983 1233 1044 1292 illis

411 1319 493 1392 Quas
508 1339 608 1380 secum
623 1323 710 1383 fluvii
723 1324 849 1383 trahunt
863 1329 1001 1382 sonantes
1015 1344 1021 1380 :

413 1413 472 1471 Sed
489 1430 575 1488 quas,
592 1413 662 1470 dum
676 1413 787 1488 vigiles
803 1415 877 1472 terit
889 1412 1042 1486 lucernas,
1121 1419 1125 1430 ‘

412 1503 567 1562 Colleotas
581 1501 658 1561 aluit
673 1503 818 1563 scelestus
832 1503 979 1579 hydrops.

410 1593 461 1651 Sio
482 1599 553 1651 tuus
567 1592 660 1668 periit
668 1593 726 1651 tibi
743 1593 901 1664 QuelinuS,

410 1681 461 1740 Sie
476 1699 559 1741 meus
573 1683 666 1757 periit
687 1684 761 1742 mihi
782 1683 940 1754 Quelinus.

409 1773 490 1848 Ergo
504 1771 584 1830 hune
601 1771 734 1849 Calliope
748 1773 873 1832 fleamus
888 1774 987 1842 amb0,

408 1863 450 1919 Ut
463 1861 549 1920 illum
567 1862 699 1938 propriis
714 1863 799 1938 aquis
817 1868 1018 1940 peremptum,
1038 1855 1042 1863 ’

408 1952 572 2010 Servemus
588 1951 755 2027 lachrymis
769 1951 914 2028 aquisque
928 1951 1052 2023 nostris,

409 2041 451 2099 Ut
465 2041 628 2100 vincantur
642 2041 729 2116 aquis
743 2059 850 2116 aquae,
867 2045 896 2099 et
911 2045 1045 2116 putetur,

408 2131 464 2189 Ille
479 2131 530 2206 qui
546 2130 638 2206 periit
659 2130 733 2189 mihi
747 2130 862 2206 tibique

408 2220 555 2278 Servatus
568 2219 666 2277 studio
678 2225 730 2277 tuo
745 2236 881 2294 meoque.

217 2405 285 2476 Sed
304 2407 379 2500 quis
398 2403 515 2475 eredat
537 2406 587 2476 M.
611 2405 839 2497 Pomponium
854 2405 981 2497 ipsum,
1007 2403 1107 2473 illum
1128 2404 1285 2494 Pompo-

168 2523 263 2592 nium
284 2546 383 2617 quem
399 2523 503 2593 unice
527 2522 689 2593 dilexerit
718 2522 808 2593 etin
833 2521 974 2614 privatis
998 2520 1103 2592 rebus
1126 2518 1288 2590 omnibus

102 2651 106 2656 '
168 2638 297 2710 socium
335 2638 498 2710 habuerit
527 2639 629 2726 Beza,
661 2661 730 2708 non
767 2637 1014 2730 simpliciorem
1047 2648 1080 2707 et
1116 2637 1286 2706 sincerio-

167 2778 241 2826 rem
258 2754 491 2825 laudationem
518 2754 679 2847 adeptum
700 2757 801 2824 esset
834 2754 990 2825 Maxima
1028 2759 1079 2822 est
1099 2751 1287 2822 verborum

165 2869 419 2958 abundantia1,
445 2871 574 2942 doloris
611 2881 644 2942 et
674 2870 839 2941 desiderii
862 2871 975 2963 major
1015 2870 1119 2941 etiam
1155 2868 1284 2961 inopia.

165 2986 325 3059 Exundat
339 3010 478 3059 carmen
499 2997 531 3058 et
552 2996 700 3075 aestuat,
723 2987 820 3082 quusi
847 2985 1057 3058 effrenatum
1078 2994 1130 3056 est
1150 2992 1185 3056 et
1199 2984 1286 3055 deli-

164 3127 268 3175 rans:

404 3293 466 3351 Vos
482 3310 561 3350 nuno
573 3291 687 3349 advoeo
702 3291 819 3350 flebiles
840 3291 998 3364 Phaleuoi‚

405 3382 467 3440 Vos
482 3399 558 3439 roeo
574 3399 590 3438 o
603 3381 722 3439 numeri
738 3381 928 3439 severiores:

403 3472 527 3544 Adeste,
544 3472 680 3544 obsecro,
698 3471 770 3528 dum
785 3487 885 3528 meum
905 3470 1074 3542 Maoutum,

405 3561 490 3619 Meas
504 3560 627 3618 delioias
641 3577 798 3635 meamque
811 3559 917 3628 vitam,

405 3649 505 3708 Morte
522 3648 610 3726 lugeo
625 3649 756 3725 pessima
771 3652 971 3724 peremptum.

404 3738 491 3796 Unde
506 3737 641 3798 Pierides
655 3737 737 3813 loqui
752 3735 953 3813 auspicabor?
970 3741 1041 3808 ete„
1057 3742 1114 3797 ete.

157 3995 159 4002 .
212 3942 382 4033 Magnum
412 3950 445 4012 et
467 3942 647 4012 heroicum
669 3950 769 4012 sonat
794 3941 1087 4036 Pomponiumque
1122 3941 1283 4013 laudibus

163 4058 207 4128 ad
226 4067 320 4130 astra
336 4057 478 4128 extollit.
509 4058 621 4142 Quam
642 4059 734 4128 enim
757 4057 880 4127 merito
893 4056 950 4127 illa
970 4080 1062 4128 mors
1081 4057 1282 4152 deploratur

198 4330 208 4364 ¹
229 4328 258 4382 ld
271 4328 435 4399 epitaphium
449 4328 485 4382 86
498 4345 592 4383 versus
611 4330 700 4382 habet.
