3124 4988
647 434 693 486 DE
711 432 849 484 nunnus
1282 432 1316 484 63

189 579 269 649 citia
282 581 456 672 conjuncti
471 580 554 670 sint,
572 581 606 651 in
622 581 784 652 omnibus
801 579 904 651 rebus
931 580 1119 652 concordes
1135 604 1211 652 esso
1236 581 1313 650 ani-

189 718 264 765 mos
279 699 287 764 l

272 853 305 913 Si
324 854 380 914 tibi
394 855 516 931 synceri
533 873 641 915 nomen
654 857 730 916 bene
751 856 879 932 quadrat
899 856 997 925 amici,

311 944 373 1004 Gur
388 943 460 1002 mihi
473 963 549 1020 quae
562 950 626 1004 tota
640 952 688 1005 ast
706 945 842 1017 candida,
859 947 948 1023 nigra
962 945 1017 1003 tibi
1033 944 1097 1002 eat?

274 1033 336 1092 Gur
355 1033 471 1108 quoties
485 1033 568 1093 caleo
583 1034 658 1108 dixi,
678 1035 733 1094 tibi
750 1034 849 1110 frigus
863 1036 894 1094 iu
910 1034 984 1094 oret

314 1123 375 1182 Gur
389 1121 464 1181 mihi
479 1123 558 1198 quod
573 1122 691 1200 gelidus
711 1125 874 1195 Caucasus,
891 1125 991 1186 AEtua
1005 1122 1061 1183 tibi
1074 1121 1139 1182 esti

272 1211 405 1286 Perflde,
428 1211 494 1288 quis
513 1218 632 1272 nostros
648 1231 779 1290 unquam
793 1212 946 1272 accusavit
961 1211 1101 1271 amores?

313 1301 448 1361 Candida
465 1318 524 1377 quo
538 1303 658 1361 tandem
671 1303 774 1381 judice
789 1303 866 1361 facta
878 1319 932 1361 rea
947 1301 1009 1361 estl

242 1464 405 1535 Attamen
425 1465 516 1560 quod
536 1463 711 1536 Lndovico
736 1463 928 1535 Candidam
956 1464 1109 1535 nondum
1129 1462 1313 1559 approbari

192 1577 308 1665 sentit,
345 1579 381 1649 in
412 1578 606 1650 contrarias
635 1579 826 1650 sententias
854 1587 1015 1650 versatur
1036 1587 1141 1674 atque
1173 1578 1312 1672 pendet.

193 1692 284 1779 Quid
312 1693 441 1766 faciat?
468 1695 705 1768 Candidamne
727 1695 855 1766 Valido
879 1718 923 1767 an
949 1696 1113 1768 Validum
1143 1693 1319 1768 Candidae

193 1812 402 1907 anteponatl
417 1812 508 1884 Nam
521 1813 729 1907 imperiosus
745 1821 797 1883 est
811 1834 909 1884 amor
929 1823 963 1884 et
978 1812 1130 1884 invidus.

275 1985 337 2044 Gur
348 1989 526 2046 tranversut
540 1985 637 2064 agorl
652 1983 764 2062 duplici
780 2002 835 2044 cur
852 2002 926 2044 uror
939 1985 977 2044 ab
994 1984 1085 2062 ignei

244 2146 535 2220 PietasValidum
544 2157 578 2220 et
588 2148 904 2242 castitas,voluptas
916 2146 1092 2220 etformae
1104 2150 1321 2242 praestantia

195 2262 384 2335 Candidum
400 2265 654 2354 commendant,
672 2263 814 2358 dignam
836 2288 924 2361 quae
938 2265 1028 2336 inter
1045 2266 1127 2337 deas
1149 2286 1319 2336 annume-

196 2388 293 2452 retur
308 2403 482 2477 quamque
497 2382 605 2453 solam
625 2381 695 2452 sibi
711 2382 854 2479 aequari
868 2381 924 2454 vel
945 2382 1049 2455 etiam
1063 2381 1231 2476 praeponi
1248 2404 1320 2453 non

196 2496 406 2591 dedignetur
424 2499 500 2592 ipsa
509 2499 641 2571 Venus.
659 2497 722 2571 Cui
737 2498 831 2570 enim
845 2497 982 2592 puellae
995 2497 1270 2593 splendidiorem
1288 2505 1323 2569 et

196 2610 439 2708 perfectiorem
450 2612 599 2686 formam
615 2615 663 2686 dii
678 2617 950 2686 concesserunt?

278 2793 330 2853 Sic
344 2802 435 2872 caput
447 2803 592 2869 erectum,
608 2797 652 2856 sic
666 2797 751 2856 frons
766 2795 890 2872 exurgit
906 2801 1010 2873 aperta
1025 2815 1033 2854 :
1108 2783 1110 2789 ยน

318 2886 370 2945 Sic
384 2885 499 2945 virides
514 2885 618 2945 oculos
631 2888 739 2946 umbra
752 2888 861 2946 decora
879 2887 968 2962 tegit.

279 2973 328 3034 Sic
343 2974 422 3034 oculi
438 2975 568 3050 geminis
586 2976 706 3035 radiant
720 2977 790 3035 hinc
804 2976 875 3036 inde
895 2975 1074 3052 smaragdis
1091 2995 1098 3033 ฮต

318 3062 401 3133 Quae
414 3063 478 3122 fero
490 3070 560 3122 sunt
573 3063 665 3142 hujus
679 3065 810 3124 vulnera
825 3065 921 3141 prima
936 3064 1005 3123 loci.

279 3151 415 3228 Utraque
429 3152 473 3211 sic
487 3151 613 3229 pulcher
634 3154 793 3230 conjungit
810 3153 925 3212 lumina
945 3169 1047 3228 nasus,

317 3241 487 3317 Purpureis
497 3242 542 3301 sic
555 3249 601 3302 est
614 3242 826 3319 conspicienda
840 3241 938 3317 genis.

279 3330 331 3390 Sic
346 3330 473 3406 geminis
491 3348 596 3392 roseus
612 3330 695 3390 color
708 3330 816 3390 emicat
829 3331 960 3405 undique
974 3329 1068 3391 labris
1072 3375 1134 3394 .....

200 3489 275 3572 Qua
286 3487 452 3565 felicitate
472 3501 507 3564 et
518 3492 694 3588 voluptate
713 3493 903 3585 imaginem
919 3491 1096 3564 Candidae
1111 3491 1322 3585 expresserit

198 3605 254 3678 his
282 3608 441 3679 versibus
463 3609 616 3703 judicari
647 3609 751 3682 iacile
778 3617 904 3704 potest.
922 3607 1015 3692 Quid
1051 3607 1322 3701 igiturValidus

199 3719 289 3790 hanc
316 3720 507 3793 Candidum
535 3721 673 3814 nigram
708 3744 785 3793 esse
817 3721 933 3793 dicere
971 3720 1099 3792 audet?
1130 3720 1177 3792 At
1208 3720 1323 3815 potius

199 3835 318 3907 timeat
332 3860 376 3908 ne
390 3836 489 3908 brevi
504 3839 702 3932 experiatur
717 3860 818 3932 quam
832 3840 952 3929 gravis
967 3846 1002 3909 et
1017 3835 1188 3909 terribilis
1210 3837 1264 3907 ira
1278 3835 1324 3907 sit

199 3950 308 4040 Deae,
326 3962 430 4048 atque
456 3953 596 4026 tandem
613 3953 762 4026 fateatur
776 3976 863 4049 quae
881 3953 1027 4025 candida
1040 3954 1085 4024 sit
1097 3955 1221 4039 Bezae,
1234 3973 1322 4023 can-

201 4067 316 4139 didam
330 4077 366 4140 et
379 4069 445 4164 ipsi
460 4070 586 4142 Valido
612 4094 689 4143 esse
712 4068 878 4142 futuram.
897 4070 987 4142 Nam
1007 4069 1196 4143 Candidam
1214 4089 1322 4140 unam

202 4186 415 4258 suaflamma
439 4187 580 4282 dignam
609 4187 808 4282 profitetur,
835 4186 1027 4259 Candidum
1049 4187 1158 4260 solam
1185 4208 1324 4279 semper

200 4300 330 4374 amabit
343 4304 602 4401 crudeliterque
616 4303 804 4376 ulciscetur
818 4302 951 4399 eosqui
965 4325 1119 4376 amorem
1132 4302 1325 4374 hunederi-
