3124 4988
246 387 278 438 76
677 389 722 439 DE
739 387 940 439 EPITAPHIIS

248 533 356 624 naei¹,
380 536 464 606 istas
486 535 607 628 quibus
632 535 682 606 uti
717 533 965 606 declamatores
993 535 1148 608 solebant
1175 539 1366 609 sententias

246 674 417 747 nusquam
437 651 612 741 exhibent,
635 651 784 743 ideoque
805 673 874 720 non
888 651 1029 721 omnino
1047 652 1194 744 indigna
1218 651 1366 724 luissent

245 789 385 862 quaere
404 789 489 840 vera
508 767 651 838 tumulis
667 766 955 838 inscriberentur.
980 767 1049 838 Sed
1067 767 1151 863 quid
1167 769 1363 858 ridiculiuS,

245 883 325 978 quid
356 883 461 954 etiam
499 883 638 954 stultius
671 883 855 976 epitaphiis
899 882 1043 973 Stellae,
1076 884 1223 973 Rudaei,
1261 886 1366 956 Pom-

243 999 338 1094 ponii
365 1009 399 1069 et
427 999 588 1084 Quelini?
615 999 743 1071 Omnes
772 999 853 1068 illos
882 1006 999 1069 tamen
1030 1022 1097 1069 non
1117 1000 1218 1072 modo
1235 1023 1366 1094 cogno-

245 1125 356 1200 verat,
379 1116 561 1186 sedetiam
585 1114 809 1186 vehementer
832 1114 922 1185 Beza
943 1114 1110 1188 dilexerat
1118 1141 1127 1207 3
1156 1141 1234 1187 cum
1255 1119 1365 1188 Pom-

244 1232 346 1323 ponio
360 1239 393 1302 et
407 1231 554 1317 Qualiuo
572 1231 723 1302 maxima
742 1229 978 1302 familiaritate
1006 1229 1120 1305 fuerat
1141 1233 1362 1327 conjunctus3

243 1347 420 1418 Budaeum
448 1370 529 1418 vero
558 1369 692 1418 summa
717 1345 947 1419 admiratione
977 1370 1177 1443 summaque
1211 1349 1363 1422 amicitia

244 1486 380 1557 semper
415 1473 617 1556 prosecutus
643 1474 695 1534 est
707 1487 716 1553 3
758 1462 905 1556 denique
943 1463 1098 1554 Stellam,
1135 1489 1235 1559 quem
1271 1466 1363 1537 iuter

245 1580 431 1672 magistros
468 1579 637 1651 habuerat
674 1589 708 1650 et
735 1581 811 1674 ejus
844 1578 952 1650 filiam
988 1592 1168 1653 amaverat
1200 1623 1247 1632 —
1284 1584 1365 1653 huic

244 1696 381 1791 puellae
406 1720 491 1791 qnos
517 1697 647 1791 primos
674 1696 813 1789 scripsit
835 1719 958 1766 versus
977 1695 1152 1768 dedicatos
1170 1721 1246 1770 esse
1265 1722 1365 1769 com-

243 1794 382 1908 pertum
403 1814 573 1885 habemus
599 1811 812 1883 -adsiduo
838 1813 986 1907 quadam
1014 1815 1235 1885 veneratione
1266 1838 1365 1886 com-

241 1932 364 2025 plexus
381 1939 445 2002 est.
469 1930 539 2000 Vix
554 1936 669 2001 autem
684 1928 850 2000 credibile
866 1937 917 1999 est
937 1952 1038 2022 quam
1057 1929 1210 2000 omnium
1224 1928 1364 2002 illorum

243 2048 362 2141 inepta
403 2046 472 2116 sint
511 2045 686 2139 epitaphia
715 2053 750 2116 et
782 2044 918 2116 insana.
951 2043 1049 2126 Quod
1077 2045 1123 2117 ad
1157 2046 1365 2138 magistrum

242 2161 542 2234 PetrumStellam
563 2169 709 2255 spectat,
721 2162 756 2230 in
773 2183 813 2231 eo
831 2160 1058 2251 ambiguitate
1073 2160 1259 2232 verborum
1279 2186 1363 2236 usus

242 2288 295 2350 est
308 2301 409 2375 quam
425 2278 599 2350 invenisse
614 2288 708 2349 certe
719 2288 771 2348 est
786 2278 945 2365 laetatus,
963 2277 1025 2348 sed
1039 2299 1080 2349 ea
1095 2277 1196 2350 nobis
1211 2302 1289 2350 cum
1302 2302 1366 2374 per

240 2419 277 2469 se
285 2396 360 2489 ipsa
373 2395 536 2488 pessima,
553 2402 628 2465 tum
643 2394 784 2464 minime
797 2393 972 2488 proposito
983 2416 1181 2487 congruens
1197 2397 1355 2468 videtur:

321 2619 453 2678 Mundus
469 2624 502 2677 ut
517 2617 639 2677 assidua
653 2618 799 2693 gauderet
819 2616 898 2691 luce,
915 2635 1028 2693 suoque

363 2709 476 2767 Vivere
490 2708 541 2767 Sol
550 2713 652 2783 posset
664 2706 743 2767 liber
756 2707 793 2765 ab
805 2705 914 2778 officio,

321 2797 442 2857 Lucifer
454 2800 487 2858 in
501 2803 598 2855 terras
614 2796 698 2854 caelo
709 2797 842 2872 migrare
858 2797 977 2866 relicto,

361 2890 456 2963 Atque
472 2887 600 2946 hominis
614 2886 722 2944 faciem
732 2903 851 2944 sumere
863 2890 968 2963 jussus
986 2895 1062 2947 erat.

320 2981 361 3036 At
375 2994 445 3036 mox
460 2983 494 3035 ut
518 2975 631 3035 Stellae
646 2975 781 3034 discessu
796 2974 878 3034 clara
890 2977 1022 3035 Deorum

363 3069 510 3142 Perpetua
523 3065 624 3141 coepit
640 3063 724 3139 regia
739 3069 826 3124 nocte
838 3065 947 3141 premi,

296 3162 300 3174 '
323 3155 474 3217 Paenituit
486 3154 645 3213 mandasse
657 3155 779 3227 lovem,
797 3153 981 3231 Stellamque
990 3157 1126 3228 vocavit,

345 3247 399 3324 ,nt
415 3244 517 3304 Solem
532 3245 669 3319 antiqua
674 3242 769 3320 jussit
783 3241 868 3300 obire
877 3243 973 3302 vices.

399 3481 487 3546 Quum
506 3479 566 3552 plur
585 3480 684 3535 Milone
700 3489 727 3538 et
743 3481 860 3537 Curione
872 3484 991 3553 deberet,

398 3561 512 3616 interiit.
527 3562 600 3630 Ergo
613 3579 718 3633 pauper
733 3564 841 3630 occidit,
858 3564 933 3619 dices
949 3581 955 3617 :

399 3644 483 3695 Immo
497 3640 626 3712 locuples,
642 3643 686 3697 cui
699 3645 787 3712 patria
801 3644 892 3697 debuit
910 3651 1024 3699 tantum.

397 3723 436 3776 De
446 3723 581 3790 Langaeo‚
592 3725 631 3791 cf.
639 3724 726 3777 Bezae
737 3725 864 3777 Histoire
873 3725 1091 3798 ecclesiastiaca,
1103 3729 1124 3793 l,
1139 3725 1201 3781 144.

273 3803 466 3874 ¹Epitapbium
488 3803 603 3856 Simonis
623 3804 732 3857 Grinaei
755 3804 861 3873 longius
885 3811 924 3858 est
949 3823 1029 3876 quam
1053 3814 1083 3860 ut
1106 3809 1262 3878 proferatur
1283 3815 1364 3880 atque

237 3884 351 3939 similius
371 3890 411 3937 est
429 3883 532 3951 elegiae
551 3900 631 3952 quam
650 3884 785 3954 epitaphio
813 3902 818 3938 :
846 3885 956 3953 triginta
982 3888 1052 3940 enim
1071 3889 1243 3943 hexametros
1269 3906 1364 3944 versus

237 3966 365 4022 continet.
390 3965 429 4017 De
452 3967 480 4017 S.
501 3964 627 4028 Grinaeo‚
650 3967 689 4033 cf.
713 3967 818 4036 Nuqas
838 3967 872 4019 N.
898 3968 1037 4030 Borbonii‚
1056 3968 1102 4036 lV,
1118 3968 1176 4039 303
1209 3970 1267 4035 Vll,
1291 3969 1362 4042 1563

236 4046 307 4115 Vlll,
322 4045 375 4112 423
389 4044 574 4116 Herminjard,
586 4045 631 4114 lll,
643 4043 778 4116 386-387;
794 4049 915 4116 Buisson,
931 4047 1080 4103 Se'bcatt'en
1097 4049 1263 4116 Certamen,
1275 4052 1297 4116 l,
1309 4052 1362 4118 72;

236 4128 448 4197 Scotiperana:
469 4145 483 4176 u
508 4125 599 4179 Simon
613 4127 754 4198 Grynaeus
777 4129 854 4181 estoit
873 4146 908 4182 un
929 4128 1013 4196 gentil
1033 4146 1212 4199 personnage.
1234 4131 1255 4184 ll
1275 4149 1290 4184 a
1313 4133 1364 4185 fait

236 4209 269 4263 de
281 4206 367 4263 belles
378 4205 501 4277 pre'facee
514 4223 562 4260 sur
575 4205 672 4261 Pollux
687 4213 714 4261 et
732 4215 823 4261 autres
836 4208 904 4262 bons
917 4216 1040 4282 auteurs3
1054 4230 1067 4261 »
1083 4218 1110 4265 et
1124 4211 1218 4282 Bayle,
1235 4213 1362 4266 Diction-

236 4304 330 4344 nuere.
