3116 4978
417 395 463 445 Du
481 393 659 445 THEODORI
676 393 788 444 BEZAE
805 392 1070 446 Anunnscnarm
1275 394 1305 442 19

179 545 292 617 minus
324 541 527 638 frequentes
554 565 666 638 neque
691 543 808 614 minus
837 540 983 641 acerbae
1010 539 1243 613 dissensiones
1264 541 1306 612 de

174 663 257 756 jure
272 658 367 729 civili
392 669 427 730 et
443 657 570 730 litteris
585 666 698 729 erant.
729 656 984 750 progrediente
1008 665 1133 745 aetate,
1155 680 1306 751 progre—
1399 719 1400 724 ,

180 776 346 847 diebatur
368 782 401 847 et
415 774 594 845 Theodori
611 773 745 845 vocatio
761 773 894 868 poetica
909 783 942 845 et
958 772 1142 867 aegritudo
1157 773 1268 869 patris
1278 770 1304 846 ¹.

184 892 229 964 Ut
247 891 440 985 exemplum
463 890 621 978 afferam,
639 889 747 961 libros
767 890 825 984 qui
845 889 979 983 dejure
1000 888 1093 961 civili
1115 889 1310 962 tractabant

184 1006 351 1079 Aureliae
364 1006 456 1101 apud
471 1005 622 1078 amicum
637 1005 867 1100 Pomponium
878 1005 1067 1101 reliquerat
1083 1006 1173 1077 Beza
1188 1030 1196 1076 :
1213 1007 1320 1099 pater'

183 1122 305 1217 petivit
323 1122 588 1218 impetravitque
612 1131 650 1193 ut
674 1144 695 1193 a
721 1121 912 1216 Pomponio
934 1145 992 1193 ecs
1012 1123 1218 1218 requireret.
1241 1123 1311 1196 Sed

186 1241 222 1310 in
243 1239 317 1310 illis
338 1237 540 1310 evolvendis
556 1238 730 1331 conjicere
746 1237 827 1309 licet
838 1239 1004 1333 juvenem
1020 1261 1089 1310 non
1108 1238 1310 1334 diligentio-

186 1379 261 1427 rem
293 1353 412 1428 fuisse.
449 1354 507 1428 Ad
540 1353 618 1442 boc,
651 1363 689 1426 nt
720 1376 740 1427 a
784 1354 886 1426 seriis
920 1355 1043 1426 studiis
1071 1355 1310 1448 divelleretur,

189 1471 405 1566 voluptatum
431 1470 619 1543 illecebrae
646 1470 902 1566 blanditiaeque
927 1470 1024 1542 illum
1045 1471 1219 1543 irretitum
1234 1494 1313 1543 mox

189 1593 389 1660 tenuerunt.
416 1586 507 1659 Nam
523 1609 589 1683 qua
604 1596 679 1660 erat
694 1597 820 1678 aetate,
841 1585 983 1678 forma²‚
1005 1587 1149 1677 divitiis,
1172 1611 1313 1660 necesse

224 1831 235 1867 1
250 1833 333 1887 Pater
347 1831 473 1902 filiusque
486 1848 538 1886 non
554 1849 652 1902 magna
668 1833 809 1889 dilectione
822 1833 893 1888 inter
907 1848 936 1887 se
945 1833 1080 1904 conjuncti
1092 1833 1172 1886 fuisse
1182 1832 1315 1887 videntur.

190 1941 223 1954 -
237 1913 306 1968 Beza
325 1912 412 1984 patris
431 1919 523 1983 postea
534 1914 699 1984 epitaphium
712 1915 785 1968 fecit.

331 2037 413 2093 Petro
436 2056 452 2092 a
475 2040 554 2108 Beza,
573 2040 657 2110 patri,
675 2039 845 2095 Vezeliorum
869 2041 1016 2112 praelecto,

338 2125 446 2175 mortno
458 2121 507 2174 sub
521 2119 597 2175 initia
611 2120 708 2175 Gallici
719 2121 820 2191 prioris
834 2119 899 2174 belli
913 2119 1008 2184 civilis,

407 2218 456 2271 pro
472 2203 569 2256 tuenda
586 2201 716 2270 religione
736 2202 836 2256 exorti.

334 2281 409 2350 llrgo
423 2283 504 2336 etiarn
514 2283 649 2336 extinctus
667 2282 750 2352 gelidi
762 2282 814 2335 sub
833 2280 903 2336 mole
918 2280 1047 2354 sepulcri,

408 2361 501 2430 Pater,
511 2360 604 2432 jaces?
616 2365 702 2432 jaces,
717 2361 816 2432 pater?

334 2441 391 2495 Nec
405 2441 473 2495 mihi
487 2457 565 2511 posse
579 2442 670 2496 datum
686 2443 789 2499 misero
798 2443 893 2498 saltem
908 2442 1020 2498 auribus
1031 2444 1089 2497 istis

408 2523 510 2576 Audire
521 2539 601 2578 voces
614 2522 744 2578 ultimas?

346 2601 403 2656 Nec
411 2600 487 2656 licuit
500 2604 570 2658 vitae
580 2610 684 2658 certum
699 2604 820 2660 melioris
829 2606 863 2659 ad
876 2612 951 2660 astra

410 2682 487 2738 Votis
502 2689 608 2738 euntem
623 2684 772 2758 prosequi?

343 2761 404 2818 Non
421 2779 482 2832 ago,
495 2781 559 2830 non,
575 2764 652 2833 eheu,
669 2767 812 2820 morientia
824 2766 996 2834 luminanda

412 2843 516 2914 Piaque
530 2849 678 2915 compressi
692 2863 789 2902 manu:

337 2924 432 2979 Altera
447 2941 497 2995 pro
515 2924 624 2980 Christo
635 2928 699 2980 dum
713 2945 756 2982 me
767 2930 811 2999 pia
826 2945 892 2983 cura
902 2932 1045 2994 remordet,

408 3005 597 3078 Proceresque
612 3008 741 3063 distinent
751 3009 857 3079 procul,

340 3085 504 3141 Sorbcnicae
518 3089 671 3158 oppositum
685 3095 778 3143 contra
796 3091 934 3145 molimina
947 3092 1047 3159 gentis,

414 3167 557 3237 Lapsaque
567 3166 705 3224 Romanae
724 3170 819 3227 minas.

340 3248 406 3302 Esse
421 3248 494 3316 pium
508 3249 547 3302 sic
565 3265 608 3303 me
617 3253 702 3320 pietas
719 3250 853 3322 (mirabile
864 3253 947 3324 dictu)

412 3329 446 3382 Et
455 3330 536 3398 jussit
548 3337 576 3384 et
594 3332 679 3384 vetnit
694 3332 787 3390 simul.

342 3410 377 3464 At
389 3410 447 3473 tibi,
459 3411 541 3465 chare
554 3418 642 3481 pater,
654 3428 722 3482 quae
737 3429 865 3483 praesens
875 3415 980 3470 solvere
991 3419 1064 3487 justa

414 3490 519 3545 Charus
539 3493 656 3562 nequivit
673 3493 755 3563 filine,

341 3569 381 3623 En
393 3571 501 3624 tandem
516 3571 634 3626 extincto
648 3579 768 3629 moestus
782 3573 920 3643 persolvit,
942 3582 969 3630 et
978 3576 1046 3646 ipsis

416 3651 491 3706 Senis
504 3653 574 3706 dicat
584 3654 735 3723 nepotibus.

932 3728 1013 3798 (Edit.
1029 3730 1074 3795 ΙΙΙ,
1088 3747 1115 3800 p.
1128 3728 1210 3801 111.)

237 3805 250 3840 2
269 3803 360 3858 «Fuit
373 3804 444 3858 Beaa
458 3811 561 3860 statura
578 3807 701 3877 corporis
720 3806 861 3879 quadrata,
877 3809 964 3862 forma
982 3811 1153 3880 conspicuus,
1173 3810 1323 3866 valetudine

203 3886 296 3953 firma,
316 3884 382 3939 adeo
396 3891 426 3939 ut
439 3887 504 3957 quid
517 3893 588 3941 esset
601 3888 688 3958 capite
704 3886 796 3942 dolere
815 3904 844 3942 se
858 3890 964 3944 nescire
987 3907 1067 3962 saepe
1081 3891 1200 3956 diceret3
1216 3893 1323 3961 ingenio

203 3991 318 4040 summo,
331 3974 433 4042 judicio
455 3983 593 4042 accurato,
618 3978 749 4032 memoria
764 3979 945 4045 tenacissima,
962 3981 1084 4035 facundia
1100 3980 1240 4049 singulari,
1256 3984 1324 4035 alia-

202 4054 304 4108 bilitate
317 4061 343 4108 at
356 4055 481 4110 comitato
495 4056 561 4111 nulli
576 4058 709 4111 secundus
721 4074 728 4111 ε
741 4060 807 4112 adab
821 4065 861 4128 ut,
878 4069 990 4131 propter
1002 4067 1223 4115 commemoratas
1238 4063 1323 4125 dolce,

202 4136 326 4205 adJunctd
344 4134 397 4188 illis
409 4137 478 4190 vitae
493 4135 673 4207 longaevitate
689 4138 770 4210 (quae
784 4145 873 4193 tamen
888 4141 977 4194 omnia
987 4149 1063 4194 erant
1077 4141 1207 4195 inferiora
1222 4147 1325 4195 summa

201 4215 323 4269 doctrina
336 4221 363 4270 et
377 4215 486 4288 pietate)
503 4219 612 4288 quidam
625 4226 752 4274 vocarent
773 4221 882 4289 Bezam,
907 4222 1002 4274 aetatis
1034 4238 1098 4275 suae
1125 4221 1324 4277 phaenicem.»

205 4295 318 4368 (Papus,
334 4295 396 4368 67.)
406 4325 439 4338 -
452 4297 499 4367 Cf.
521 4299 635 4372 Sayous,
649 4299 671 4367 l,
686 4299 750 4354 2118.
