3124 4988
242 441 294 493 loo
710 443 899 496 CONCLUSIO

243 590 410 663 maveris.
429 589 596 677 Quamvis
620 612 689 662 non
708 588 751 660 sit
769 591 875 686 hujus
891 591 1059 685 propositi
1073 571 1369 686 eamexplicatio-

243 738 323 788 nem
348 717 711 811 comparationemque
741 714 850 788 fusius
874 715 1079 810 producere,
1109 728 1224 790 tamen
1239 719 1368 790 adum-

242 840 346 914 brare
365 850 398 912 et
421 841 586 913 inchoare
609 840 722 913 liceat.
756 842 931 912 Permulta
957 843 1121 914 nimirum
1141 843 1178 913 in
1213 843 1366 934 Vulteii,

241 967 276 1038 J.
294 965 458 1053 Secundi,
480 966 525 1037 N.
550 965 721 1038 Borbonii
736 974 839 1061 atque
864 965 974 1058 ipsius
1001 966 1367 1039 Mureti-carminibus

245 1133 293 1144 -
308 1113 351 1161 ne
361 1090 477 1182 plures
488 1089 630 1162 afferam
647 1100 755 1164 testes
765 1090 1061 1181 -inveniuntur,
1079 1114 1166 1187 quae
1181 1092 1369 1164 emendare

243 1217 421 1289 autetiam
440 1216 581 1288 omnino
607 1216 723 1288 delere
741 1216 851 1288 velles
873 1240 882 1288 ε
900 1226 1055 1289 attamen
1069 1228 1151 1310 quot
1164 1226 1198 1289 et
1214 1228 1363 1313 quantae

243 1341 439 1428 facultates
467 1365 546 1414 cum
568 1341 781 1437 praeclarae,
803 1350 877 1414 tum
911 1344 1043 1435 variae,
1068 1344 1107 1416 in
1133 1344 1183 1416 eis
1207 1344 1361 1416 elucent!

245 1471 344 1554 Quae
371 1469 501 1541 Vulteii
523 1469 674 1540 facilitas
697 1478 732 1540 et
758 1469 901 1540 ubertas
931 1467 1202 1565 verborumque*
1219 1470 1370 1563 ingenua

245 1593 409 1666 felicitas!
441 1594 526 1679 Quis
550 1615 703 1688 unquam
733 1594 826 1665 inter
851 1593 958 1687 hujus
988 1592 1112 1666 aetatis
1138 1602 1269 1687 poetas,
1299 1619 1370 1666 non

244 1722 369 1793 latinos
384 1720 460 1790 dico
480 1719 603 1803 solum,
620 1719 682 1790 sed
701 1719 805 1790 etiam
820 1719 979 1813 gallicos,
994 1720 1093 1791 illam
1112 1721 1370 1795 vehementiam

248 1853 282 1917 et
301 1844 548 1934 sinceritatem,
566 1842 665 1914 illum
676 1841 849 1915 fervorem
864 1854 897 1915 et
907 1845 1006 1939 quasi
1022 1853 1156 1916 aestum
1170 1846 1205 1918 J.
1217 1846 1371 1918 Secundi

248 1969 440 2064 praestitit?
458 1970 644 2062 Cujusnam
660 1978 818 2064 poemata
834 1970 1041 2042 exstiterunt
1057 1992 1157 2065 quae,
1176 1973 1264 2042 sicut
1277 1971 1370 2043 illius

248 2093 468 2167 admirabilia
486 2094 616 2183 Basia,
643 2093 815 2188 quandam
839 2092 974 2166 febrem
998 2117 1162 2167 verorum
1189 2095 1366 2168 basiorum

249 2220 465 2292 etiamnunc
488 2220 639 2291 retinere
668 2218 876 2291 videantur?
899 2219 1026 2290 Mureti
1047 2243 1182 2316 quoque
1198 2222 1368 2310 carmina,

249 2368 336 2442 quae
350 2357 563 2438 quantopere
579 2345 649 2416 sint
668 2344 788 2437 putida
813 2350 847 2413 et
874 2343 1001 2436 frigida
1017 2345 1213 2438 exprimere
1227 2345 1371 2418 difficile

249 2479 315 2559 est,
343 2495 408 2542 non
433 2471 579 2543 multum
600 2470 696 2541 abest
720 2469 804 2564 quin
823 2468 867 2540 ad
887 2467 1137 2562 perfectionem
1164 2471 1371 2543 accesserint

249 2596 392 2668 flumine
415 2596 554 2693 quidem
575 2594 742 2666 orationis
762 2605 796 2665 et
813 2593 1000 2666 festivitate
1015 2595 1261 2690 elegantiaque
1283 2617 1370 2690 pura

249 2720 446 2794 verborum.
469 2723 502 2792 N
509 2777 516 2790 .
539 2719 756 2791 Borbonium
772 2719 862 2793 aliae
891 2719 1009 2792 laudes
1031 2720 1287 2812 commendant,
1310 2720 1371 2792 sed

250 2870 319 2918 non
343 2848 455 2918 minus
482 2846 670 2939 egregiae3
694 2845 746 2916 illi
764 2846 944 2938 ingenium
967 2844 1067 2916 facile
1080 2843 1146 2916 fuit
1166 2855 1201 2915 et
1216 2856 1367 2937 gratum,

251 2995 344 3045 nunc
367 2972 557 3044 vehemens
579 2984 614 3043 et
641 2971 832 3064 incitatum,
863 2994 955 3044 nunc
984 2970 1083 3043 dulce
1107 2980 1141 3042 et
1167 2971 1367 3058 remissum,

252 3096 343 3194 quod
361 3121 444 3168 vere
465 3107 602 3192 poetam
626 3095 807 3168 indicaret.
834 3097 960 3167 Bezam
986 3104 1103 3167 autem
1121 3095 1278 3168 omnibus
1298 3095 1371 3168 illis

254 3247 321 3295 non
343 3223 578 3295 tantummodo
604 3221 806 3309 secundum,
832 3221 1016 3293 sedetiam
1041 3221 1241 3314 proximum
1263 3219 1372 3292 fuisse

253 3352 336 3420 satis
355 3371 527 3443 superque
540 3347 865 3418 demonstravimus,

292 3469 1373 3568 Deniqueexplanandaesseresvidetur,quaemibi‘Poeocctc

252 3600 363 3671 Bezae
376 3598 501 3671 iterum
519 3606 621 3692 atque
640 3598 766 3668 iterum
780 3596 914 3689 legenti
936 3595 1080 3668 adsiduo
1105 3595 1287 3667 obversata
1305 3603 1369 3684 est,

255 3747 378 3818 nempe
406 3734 569 3819 quantum
595 3722 732 3792 intersit
756 3722 847 3792 inter
871 3723 1028 3816 jocorum
1056 3719 1196 3792 illorum
1219 3720 1374 3813 putidam

254 3861 355 3947 atque
369 3852 506 3922 inanem
523 3847 698 3920 levitatem
709 3858 743 3918 et
758 3849 869 3918 Betae
890 3869 1023 3918 morum
1038 3845 1245 3940 indolisque,
1262 3844 1373 3940 qualis

255 3978 355 4049 nobis
371 3977 406 4048 in
423 3973 568 4045 historia
580 3980 737 4067 apparet,
756 3996 915 4044 severam
933 3993 972 4042 ac
987 3971 1124 4043 tristem
1137 3970 1239 4041 etiam
1255 3970 1374 4063 gravi-

255 4113 373 4177 tatem.
409 4103 506 4188 Quae
530 4095 726 4170 differentia
746 4107 840 4170 tanta
854 4106 1052 4191 esttamque
1074 4095 1252 4189 inopinata
1272 4104 1310 4165 ut
1338 4095 1374 4164 in

256 4230 410 4300 animum
433 4249 537 4320 saepe
558 4231 716 4296 occurrat
735 4222 820 4294 duos
845 4223 952 4294 Bezas
977 4220 1167 4310 exstitisse,
1185 4242 1293 4290 unum
1316 4219 1375 4314 qui

258 4351 494 4423 licentioribus
517 4348 572 4419 vel
591 4343 748 4420 obscenis
766 4348 870 4418 etiam
890 4345 1048 4417 versibus
1062 4343 1251 4416 Juoeuc'fa'o
1265 4345 1375 4437 scrip-
