<?xml version="1.0" encoding="UTF-8"?>
<!DOCTYPE html PUBLIC "-//W3C//DTD XHTML 1.0 Transitional//EN"
    "http://www.w3.org/TR/xhtml1/DTD/xhtml1-transitional.dtd">
<html xmlns="http://www.w3.org/1999/xhtml" xml:lang="en" lang="en">
 <head>
  <title>
</title>
<meta http-equiv="Content-Type" content="text/html;charset=utf-8" />
  <meta name='ocr-system' content='tesseract 3.04.00' />
  <meta name='ocr-capabilities' content='ocr_page ocr_carea ocr_par ocr_line ocrx_word'/>
</head>
<body>
  <div class='ocr_page' id='page_1' title='image "./detheodoribezae00maiggoog_0066.png"; bbox 0 0 3124 4988; ppageno 0'>
   <div class='ocr_carea' id='block_1_1' title="bbox 646 363 1305 423">
    <p class='ocr_par' dir='ltr' id='par_1_1' title="bbox 646 363 1305 423">
     <span class='ocr_line' id='line_1_1' title="bbox 646 363 1305 423; baseline -0.014 -1"><span class='ocrx_word' id='word_1_1' title='bbox 646 372 691 423; x_wconf 75' lang='lat' dir='ltr'>DE</span> <span class='ocrx_word' id='word_1_2' title='bbox 708 370 841 422; x_wconf 73' lang='lat' dir='ltr'>anneus</span> <span class='ocrx_word' id='word_1_3' title='bbox 1273 363 1305 414; x_wconf 79' lang='lat'>59</span> 
     </span>
    </p>
   </div>
   <div class='ocr_carea' id='block_1_2' title="bbox 178 510 1309 4344">
    <p class='ocr_par' dir='ltr' id='par_1_2' title="bbox 178 510 1307 1430">
     <span class='ocr_line' id='line_1_2' title="bbox 178 510 1304 614; baseline -0.009 -22"><span class='ocrx_word' id='word_1_4' title='bbox 178 521 288 614; x_wconf 85' lang='lat' dir='ltr'>igitur</span> <span class='ocrx_word' id='word_1_5' title='bbox 307 521 447 614; x_wconf 88' lang='lat' dir='ltr'>prodest</span> <span class='ocrx_word' id='word_1_6' title='bbox 460 516 795 611; x_wconf 82' lang='lat' dir='ltr'>Candidarnfugere‚</span> <span class='ocrx_word' id='word_1_7' title='bbox 808 541 883 588; x_wconf 90' lang='lat' dir='ltr'>cum</span> <span class='ocrx_word' id='word_1_8' title='bbox 910 516 954 586; x_wconf 87' lang='lat' dir='ltr'>sit</span> <span class='ocrx_word' id='word_1_9' title='bbox 970 536 1107 608; x_wconf 80' lang='lat' dir='ltr'>semper</span> <span class='ocrx_word' id='word_1_10' title='bbox 1122 520 1155 583; x_wconf 85' lang='lat' dir='ltr'>ot</span> <span class='ocrx_word' id='word_1_11' title='bbox 1176 510 1304 607; x_wconf 85' lang='lat' dir='ltr'>ubique</span> 
     </span>
     <span class='ocr_line' id='line_1_3' title="bbox 181 627 1298 732; baseline -0.012 -23"><span class='ocrx_word' id='word_1_12' title='bbox 181 636 333 709; x_wconf 83' lang='lat' dir='ltr'>Candida</span> <span class='ocrx_word' id='word_1_13' title='bbox 350 659 518 732; x_wconf 87' lang='lat' dir='ltr'>praesens</span> <span class='ocrx_word' id='word_1_14' title='bbox 536 661 544 706; x_wconf 75' lang='grc' dir='ltr'><strong>ε</strong></span> <span class='ocrx_word' id='word_1_15' title='bbox 560 635 651 731; x_wconf 92' lang='lat' dir='ltr'>qnod</span> <span class='ocrx_word' id='word_1_16' title='bbox 670 643 745 706; x_wconf 88' lang='lat' dir='ltr'>erat</span> <span class='ocrx_word' id='word_1_17' title='bbox 760 630 1083 704; x_wconf 88' lang='lat' dir='ltr'>demonstrandum.</span> <span class='ocrx_word' id='word_1_18' title='bbox 1100 629 1190 700; x_wconf 90' lang='lat' dir='ltr'>lllnd</span> <span class='ocrx_word' id='word_1_19' title='bbox 1207 627 1298 700; x_wconf 90' lang='lat' dir='ltr'>enim</span> 
     </span>
     <span class='ocr_line' id='line_1_4' title="bbox 184 746 1302 847; baseline -0.008 -23"><span class='ocrx_word' id='word_1_20' title='bbox 184 753 375 847; x_wconf 85' lang='lat' dir='ltr'>explicandi</span> <span class='ocrx_word' id='word_1_21' title='bbox 402 777 513 846; x_wconf 82' lang='lat' dir='ltr'>genus</span> <span class='ocrx_word' id='word_1_22' title='bbox 532 761 603 824; x_wconf 88' lang='lat' dir='ltr'>tam</span> <span class='ocrx_word' id='word_1_23' title='bbox 633 761 764 824; x_wconf 89' lang='lat' dir='ltr'>rectum</span> <span class='ocrx_word' id='word_1_24' title='bbox 789 761 823 822; x_wconf 91' lang='lat' dir='ltr'>et</span> <span class='ocrx_word' id='word_1_25' title='bbox 851 748 1002 842; x_wconf 83' lang='lat' dir='ltr'>rigidum</span> <span class='ocrx_word' id='word_1_26' title='bbox 1031 769 1134 841; x_wconf 91' lang='lat' dir='ltr'>qnam</span> <span class='ocrx_word' id='word_1_27' title='bbox 1152 746 1302 816; x_wconf 90' lang='lat' dir='ltr'>demon-</span> 
     </span>
     <span class='ocr_line' id='line_1_5' title="bbox 181 859 1305 962; baseline -0.01 -21"><span class='ocrx_word' id='word_1_28' title='bbox 181 872 302 942; x_wconf 82' lang='lat' dir='ltr'><strong>stratio</strong></span> <span class='ocrx_word' id='word_1_29' title='bbox 316 871 541 962; x_wconf 84' lang='lat' dir='ltr'>geometrica,</span> <span class='ocrx_word' id='word_1_30' title='bbox 564 878 600 942; x_wconf 82' lang='lat' dir='ltr'>ut</span> <span class='ocrx_word' id='word_1_31' title='bbox 613 871 663 940; x_wconf 89' lang='lat' dir='ltr'>ita</span> <span class='ocrx_word' id='word_1_32' title='bbox 682 868 806 951; x_wconf 85' lang='lat' dir='ltr'>dicam,</span> <span class='ocrx_word' id='word_1_33' title='bbox 832 866 916 936; x_wconf 91' lang='lat' dir='ltr'>mihi</span> <span class='ocrx_word' id='word_1_34' title='bbox 934 865 1091 953; x_wconf 81' lang='lat' dir='ltr'>videtnr3</span> <span class='ocrx_word' id='word_1_35' title='bbox 1123 870 1159 934; x_wconf 90' lang='lat' dir='ltr'>ut</span> <span class='ocrx_word' id='word_1_36' title='bbox 1176 863 1247 957; x_wconf 88' lang='lat' dir='ltr'>jam</span> <span class='ocrx_word' id='word_1_37' title='bbox 1262 859 1305 930; x_wconf 88' lang='lat' dir='ltr'>ab</span> 
     </span>
     <span class='ocr_line' id='line_1_6' title="bbox 182 977 1307 1080; baseline -0.007 -24"><span class='ocrx_word' id='word_1_38' title='bbox 182 986 282 1058; x_wconf 87' lang='lat' dir='ltr'>initio</span> <span class='ocrx_word' id='word_1_39' title='bbox 293 987 457 1058; x_wconf 81' lang='lat' dir='ltr'>carminis</span> <span class='ocrx_word' id='word_1_40' title='bbox 473 987 670 1079; x_wconf 83' lang='lat' dir='ltr'>praevideri</span> <span class='ocrx_word' id='word_1_41' title='bbox 687 985 807 1080; x_wconf 89' lang='lat' dir='ltr'>possit,</span> <span class='ocrx_word' id='word_1_42' title='bbox 826 983 854 1054; x_wconf 91' lang='lat' dir='ltr'>si</span> <span class='ocrx_word' id='word_1_43' title='bbox 864 1007 933 1053; x_wconf 91' lang='lat' dir='ltr'>non</span> <span class='ocrx_word' id='word_1_44' title='bbox 945 1003 1047 1076; x_wconf 89' lang='lat' dir='ltr'>qnam</span> <span class='ocrx_word' id='word_1_45' title='bbox 1063 981 1171 1072; x_wconf 85' lang='lat' dir='ltr'>longa</span> <span class='ocrx_word' id='word_1_46' title='bbox 1188 977 1307 1052; x_wconf 85' lang='lat' dir='ltr'>futura</span> 
     </span>
     <span class='ocr_line' id='line_1_7' title="bbox 182 1094 1307 1198; baseline -0.009 -24"><span class='ocrx_word' id='word_1_47' title='bbox 182 1105 227 1174; x_wconf 85' lang='lat' dir='ltr'>sit</span> <span class='ocrx_word' id='word_1_48' title='bbox 245 1103 438 1196; x_wconf 82' lang='lat' dir='ltr'>explicatio,</span> <span class='ocrx_word' id='word_1_49' title='bbox 463 1105 523 1175; x_wconf 89' lang='lat' dir='ltr'>sed</span> <span class='ocrx_word' id='word_1_50' title='bbox 547 1115 641 1175; x_wconf 85' lang='lat' dir='ltr'>certe</span> <span class='ocrx_word' id='word_1_51' title='bbox 663 1103 785 1198; x_wconf 88' lang='lat' dir='ltr'>qualis.</span> <span class='ocrx_word' id='word_1_52' title='bbox 810 1103 885 1187; x_wconf 89' lang='lat' dir='ltr'>Quo</span> <span class='ocrx_word' id='word_1_53' title='bbox 909 1110 1065 1192; x_wconf 86' lang='lat' dir='ltr'>tempore</span> <span class='ocrx_word' id='word_1_54' title='bbox 1088 1100 1180 1168; x_wconf 88' lang='lat' dir='ltr'>inter</span> <span class='ocrx_word' id='word_1_55' title='bbox 1196 1094 1307 1166; x_wconf 84' lang='lat' dir='ltr'>disci-</span> 
     </span>
     <span class='ocr_line' id='line_1_8' title="bbox 183 1210 1307 1314; baseline -0.009 -22"><span class='ocrx_word' id='word_1_56' title='bbox 183 1221 280 1314; x_wconf 91' lang='lat' dir='ltr'>pulos</span> <span class='ocrx_word' id='word_1_57' title='bbox 293 1222 479 1294; x_wconf 88' lang='lat' dir='ltr'>Wolmarii</span> <span class='ocrx_word' id='word_1_58' title='bbox 491 1220 629 1313; x_wconf 83' lang='lat' dir='ltr'>agebat,</span> <span class='ocrx_word' id='word_1_59' title='bbox 643 1221 767 1291; x_wconf 83' lang='lat' dir='ltr'>Bonam</span> <span class='ocrx_word' id='word_1_60' title='bbox 780 1217 933 1312; x_wconf 88' lang='lat' dir='ltr'>prolecto</span> <span class='ocrx_word' id='word_1_61' title='bbox 946 1216 984 1287; x_wconf 93' lang='lat' dir='ltr'>in</span> <span class='ocrx_word' id='word_1_62' title='bbox 993 1213 1191 1310; x_wconf 82' lang='lat' dir='ltr'>eloquentia</span> <span class='ocrx_word' id='word_1_63' title='bbox 1206 1210 1307 1282; x_wconf 87' lang='lat' dir='ltr'>facile</span> 
     </span>
     <span class='ocr_line' id='line_1_9' title="bbox 184 1337 699 1430; baseline 0.01 -23"><span class='ocrx_word' id='word_1_64' title='bbox 184 1339 311 1430; x_wconf 91' lang='lat' dir='ltr'>primas</span> <span class='ocrx_word' id='word_1_65' title='bbox 328 1337 517 1409; x_wconf 78' lang='lat' dir='ltr'>obtinuisse</span> <span class='ocrx_word' id='word_1_66' title='bbox 533 1339 699 1412; x_wconf 81' lang='lat' dir='ltr'>arbitror.</span> 
     </span>
    </p>

    <p class='ocr_par' dir='ltr' id='par_1_3' title="bbox 183 1447 1309 4344">
     <span class='ocr_line' id='line_1_10' title="bbox 233 1447 1307 1549; baseline -0.007 -23"><span class='ocrx_word' id='word_1_67' title='bbox 233 1456 290 1526; x_wconf 88' lang='lat' dir='ltr'>Sic</span> <span class='ocrx_word' id='word_1_68' title='bbox 308 1478 412 1526; x_wconf 89' lang='lat' dir='ltr'>unam</span> <span class='ocrx_word' id='word_1_69' title='bbox 437 1454 607 1526; x_wconf 88' lang='lat' dir='ltr'>rationem</span> <span class='ocrx_word' id='word_1_70' title='bbox 624 1479 665 1527; x_wconf 90' lang='lat' dir='ltr'>ac</span> <span class='ocrx_word' id='word_1_71' title='bbox 683 1455 786 1538; x_wconf 87' lang='lat' dir='ltr'>viam,</span> <span class='ocrx_word' id='word_1_72' title='bbox 799 1476 899 1549; x_wconf 89' lang='lat' dir='ltr'>quam</span> <span class='ocrx_word' id='word_1_73' title='bbox 916 1454 951 1522; x_wconf 94' lang='lat' dir='ltr'>in</span> <span class='ocrx_word' id='word_1_74' title='bbox 964 1448 1174 1544; x_wconf 87' lang='lat' dir='ltr'>explicandis</span> <span class='ocrx_word' id='word_1_75' title='bbox 1186 1447 1307 1540; x_wconf 86' lang='lat' dir='ltr'>elegiis</span> 
     </span>
     <span class='ocr_line' id='line_1_11' title="bbox 183 1565 1307 1664; baseline -0.009 -22"><span class='ocrx_word' id='word_1_76' title='bbox 183 1571 348 1642; x_wconf 86' lang='lat' dir='ltr'>adhibere</span> <span class='ocrx_word' id='word_1_77' title='bbox 360 1571 447 1643; x_wconf 85' lang='lat' dir='ltr'>solet</span> <span class='ocrx_word' id='word_1_78' title='bbox 460 1574 549 1643; x_wconf 82' lang='lat' dir='ltr'>Bona</span> <span class='ocrx_word' id='word_1_79' title='bbox 559 1579 774 1664; x_wconf 89' lang='lat' dir='ltr'>compertum</span> <span class='ocrx_word' id='word_1_80' title='bbox 794 1569 974 1641; x_wconf 89' lang='lat' dir='ltr'>habemns.</span> <span class='ocrx_word' id='word_1_81' title='bbox 993 1569 1034 1640; x_wconf 92' lang='lat' dir='ltr'>In</span> <span class='ocrx_word' id='word_1_82' title='bbox 1050 1565 1171 1638; x_wconf 87' lang='lat' dir='ltr'>eodem</span> <span class='ocrx_word' id='word_1_83' title='bbox 1189 1565 1307 1659; x_wconf 87' lang='lat' dir='ltr'>quinto</span> 
     </span>
     <span class='ocr_line' id='line_1_12' title="bbox 183 1680 1307 1782; baseline -0.007 -24"><span class='ocrx_word' id='word_1_84' title='bbox 183 1687 337 1759; x_wconf 86' lang='lat' dir='ltr'>carmine</span> <span class='ocrx_word' id='word_1_85' title='bbox 348 1688 608 1782; x_wconf 87' lang='lat' dir='ltr'>deprehendere</span> <span class='ocrx_word' id='word_1_86' title='bbox 620 1688 765 1758; x_wconf 89' lang='lat' dir='ltr'>alteram</span> <span class='ocrx_word' id='word_1_87' title='bbox 775 1685 1040 1770; x_wconf 88' lang='lat' dir='ltr'>rationemlicet,</span> <span class='ocrx_word' id='word_1_88' title='bbox 1055 1682 1212 1779; x_wconf 85' lang='lat' dir='ltr'>quamita</span> <span class='ocrx_word' id='word_1_89' title='bbox 1223 1680 1307 1752; x_wconf 84' lang='lat' dir='ltr'>&#39;defi-</span> 
     </span>
     <span class='ocr_line' id='line_1_13' title="bbox 184 1798 1308 1899; baseline -0.003 -26"><span class='ocrx_word' id='word_1_90' title='bbox 184 1805 259 1874; x_wconf 87' lang='lat' dir='ltr'>nire</span> <span class='ocrx_word' id='word_1_91' title='bbox 269 1828 468 1897; x_wconf 90' lang='lat' dir='ltr'>possumus:</span> <span class='ocrx_word' id='word_1_92' title='bbox 486 1804 660 1899; x_wconf 89' lang='lat' dir='ltr'>eqnodam</span> <span class='ocrx_word' id='word_1_93' title='bbox 674 1803 781 1875; x_wconf 89' lang='lat' dir='ltr'>verbo</span> <span class='ocrx_word' id='word_1_94' title='bbox 794 1798 1308 1895; x_wconf 86' lang='lat' dir='ltr'>comparationes,assimilatio·</span> 
     </span>
     <span class='ocr_line' id='line_1_14' title="bbox 183 1914 1308 2016; baseline -0.004 -26"><span class='ocrx_word' id='word_1_95' title='bbox 183 1914 1308 2016; x_wconf 82' lang='lat' dir='ltr'>nes,jocosctludosatqueambignitateseducere.Candidaenim</span> 
     </span>
     <span class='ocr_line' id='line_1_15' title="bbox 183 2032 1309 2130; baseline -0.005 -22"><span class='ocrx_word' id='word_1_96' title='bbox 183 2061 262 2108; x_wconf 91' lang='lat' dir='ltr'>cum</span> <span class='ocrx_word' id='word_1_97' title='bbox 277 2037 400 2109; x_wconf 85' lang='lat' dir='ltr'>absens</span> <span class='ocrx_word' id='word_1_98' title='bbox 416 2036 520 2112; x_wconf 89' lang='lat' dir='ltr'>sirnnl</span> <span class='ocrx_word' id='word_1_99' title='bbox 542 2039 586 2107; x_wconf 88' lang='lat' dir='ltr'>sit</span> <span class='ocrx_word' id='word_1_100' title='bbox 608 2060 649 2107; x_wconf 90' lang='lat' dir='ltr'>ac</span> <span class='ocrx_word' id='word_1_101' title='bbox 668 2059 847 2130; x_wconf 88' lang='lat' dir='ltr'>praesens,</span> <span class='ocrx_word' id='word_1_102' title='bbox 877 2044 971 2107; x_wconf 86' lang='lat' dir='ltr'>recte</span> <span class='ocrx_word' id='word_1_103' title='bbox 992 2033 1114 2104; x_wconf 87' lang='lat' dir='ltr'>umbra</span> <span class='ocrx_word' id='word_1_104' title='bbox 1142 2032 1309 2127; x_wconf 87' lang='lat' dir='ltr'>appellari</span> 
     </span>
     <span class='ocr_line' id='line_1_16' title="bbox 183 2150 1307 2247; baseline -0.003 -25"><span class='ocrx_word' id='word_1_105' title='bbox 183 2160 316 2247; x_wconf 77' lang='lat' dir='ltr'>potest3</span> <span class='ocrx_word' id='word_1_106' title='bbox 335 2153 397 2223; x_wconf 86' lang='lat' dir='ltr'>sed</span> <span class='ocrx_word' id='word_1_107' title='bbox 424 2176 547 2223; x_wconf 89' lang='lat' dir='ltr'>rursus</span> <span class='ocrx_word' id='word_1_108' title='bbox 569 2153 645 2246; x_wconf 89' lang='lat' dir='ltr'>quis</span> <span class='ocrx_word' id='word_1_109' title='bbox 664 2153 788 2223; x_wconf 77' lang='lat' dir='ltr'>audeat</span> <span class='ocrx_word' id='word_1_110' title='bbox 803 2152 993 2223; x_wconf 84' lang='lat' dir='ltr'>Candidam</span> <span class='ocrx_word' id='word_1_111' title='bbox 1015 2151 1174 2222; x_wconf 89' lang='lat' dir='ltr'>umbram</span> <span class='ocrx_word' id='word_1_112' title='bbox 1190 2150 1307 2221; x_wconf 89' lang='lat' dir='ltr'>nomi-</span> 
     </span>
     <span class='ocr_line' id='line_1_17' title="bbox 184 2268 1306 2361; baseline -0.004 -21"><span class='ocrx_word' id='word_1_113' title='bbox 184 2268 383 2340; x_wconf 73' lang='lat' dir='ltr'>nareano</span> <span class='ocrx_word' id='word_1_114' title='bbox 401 2269 463 2340; x_wconf 90' lang='lat' dir='ltr'>illa</span> <span class='ocrx_word' id='word_1_115' title='bbox 477 2269 583 2340; x_wconf 87' lang='lat' dir='ltr'>verba</span> <span class='ocrx_word' id='word_1_116' title='bbox 607 2269 750 2340; x_wconf 91' lang='lat' dir='ltr'>nimium</span> <span class='ocrx_word' id='word_1_117' title='bbox 774 2269 971 2361; x_wconf 86' lang='lat' dir='ltr'>discrepant</span> <span class='ocrx_word' id='word_1_118' title='bbox 991 2277 1025 2340; x_wconf 84' lang='lat' dir='ltr'>et</span> <span class='ocrx_word' id='word_1_119' title='bbox 1039 2269 1129 2338; x_wconf 92' lang='lat' dir='ltr'>inter</span> <span class='ocrx_word' id='word_1_120' title='bbox 1145 2290 1181 2338; x_wconf 91' lang='lat' dir='ltr'>se</span> <span class='ocrx_word' id='word_1_121' title='bbox 1200 2289 1306 2359; x_wconf 86' lang='lat' dir='ltr'>repn-</span> 
     </span>
     <span class='ocr_line' id='line_1_18' title="bbox 184 2384 1307 2481; baseline 0 -27"><span class='ocrx_word' id='word_1_122' title='bbox 184 2395 306 2478; x_wconf 86' lang='lat' dir='ltr'>gnaut.</span> <span class='ocrx_word' id='word_1_123' title='bbox 331 2385 422 2469; x_wconf 88' lang='lat' dir='ltr'>Quin</span> <span class='ocrx_word' id='word_1_124' title='bbox 442 2386 545 2456; x_wconf 90' lang='lat' dir='ltr'>etiam</span> <span class='ocrx_word' id='word_1_125' title='bbox 559 2408 624 2480; x_wconf 91' lang='lat' dir='ltr'>quo</span> <span class='ocrx_word' id='word_1_126' title='bbox 636 2387 776 2456; x_wconf 84' lang='lat' dir='ltr'>nomine</span> <span class='ocrx_word' id='word_1_127' title='bbox 795 2385 946 2481; x_wconf 88' lang='lat' dir='ltr'>puellam</span> <span class='ocrx_word' id='word_1_128' title='bbox 961 2385 1077 2455; x_wconf 88' lang='lat' dir='ltr'>vocari</span> <span class='ocrx_word' id='word_1_129' title='bbox 1095 2384 1205 2471; x_wconf 83' lang='lat' dir='ltr'>decet,</span> <span class='ocrx_word' id='word_1_130' title='bbox 1221 2405 1307 2477; x_wconf 91' lang='lat' dir='ltr'>quae</span> 
     </span>
     <span class='ocr_line' id='line_1_19' title="bbox 185 2500 1307 2594; baseline -0.002 -22"><span class='ocrx_word' id='word_1_131' title='bbox 185 2500 289 2572; x_wconf 89' lang='lat' dir='ltr'>simul</span> <span class='ocrx_word' id='word_1_132' title='bbox 303 2502 443 2593; x_wconf 88' lang='lat' dir='ltr'>gemino</span> <span class='ocrx_word' id='word_1_133' title='bbox 455 2503 562 2594; x_wconf 86' lang='lat' dir='ltr'>possit</span> <span class='ocrx_word' id='word_1_134' title='bbox 573 2526 650 2573; x_wconf 87' lang='lat' dir='ltr'>esse</span> <span class='ocrx_word' id='word_1_135' title='bbox 665 2503 765 2573; x_wconf 69' lang='lat' dir='ltr'>loco?</span> <span class='ocrx_word' id='word_1_136' title='bbox 780 2504 858 2574; x_wconf 94' lang='lat' dir='ltr'>Non</span> <span class='ocrx_word' id='word_1_137' title='bbox 870 2501 1060 2571; x_wconf 87' lang='lat' dir='ltr'>humanum</span> <span class='ocrx_word' id='word_1_138' title='bbox 1072 2512 1164 2572; x_wconf 87' lang='lat' dir='ltr'>certe</span> <span class='ocrx_word' id='word_1_139' title='bbox 1179 2523 1307 2570; x_wconf 90' lang='lat' dir='ltr'>nomen</span> 
     </span>
     <span class='ocr_line' id='line_1_20' title="bbox 183 2616 1307 2713; baseline 0.001 -26"><span class='ocrx_word' id='word_1_140' title='bbox 183 2616 235 2687; x_wconf 95' lang='lat' dir='ltr'>illi</span> <span class='ocrx_word' id='word_1_141' title='bbox 253 2618 435 2711; x_wconf 79' lang='lat' dir='ltr'>«quadrat</span> <span class='ocrx_word' id='word_1_142' title='bbox 455 2643 473 2686; x_wconf 86' lang='lat'>»</span> <span class='ocrx_word' id='word_1_143' title='bbox 492 2643 499 2688; x_wconf 93' lang='lat'>:</span> <span class='ocrx_word' id='word_1_144' title='bbox 523 2620 585 2688; x_wconf 84' lang='lat' dir='ltr'>dea</span> <span class='ocrx_word' id='word_1_145' title='bbox 601 2618 776 2711; x_wconf 78' lang='lat' dir='ltr'>igiturest</span> <span class='ocrx_word' id='word_1_146' title='bbox 793 2618 967 2690; x_wconf 83' lang='lat' dir='ltr'>Candida:</span> <span class='ocrx_word' id='word_1_147' title='bbox 992 2619 1083 2713; x_wconf 92' lang='lat' dir='ltr'>quod</span> <span class='ocrx_word' id='word_1_148' title='bbox 1104 2617 1208 2688; x_wconf 91' lang='lat' dir='ltr'>etiam</span> <span class='ocrx_word' id='word_1_149' title='bbox 1231 2628 1307 2688; x_wconf 88' lang='lat' dir='ltr'>erat</span> 
     </span>
     <span class='ocr_line' id='line_1_21' title="bbox 184 2732 1306 2829; baseline 0.001 -26"><span class='ocrx_word' id='word_1_150' title='bbox 184 2732 1306 2829; x_wconf 84' lang='lat' dir='ltr'>dornonstrandnm,atquedemonstratumestutfrigidissimuset</span> 
     </span>
     <span class='ocr_line' id='line_1_22' title="bbox 183 2849 1308 2944; baseline 0.002 -25"><span class='ocrx_word' id='word_1_151' title='bbox 183 2850 419 2941; x_wconf 90' lang='lat' dir='ltr'>ineptissimus</span> <span class='ocrx_word' id='word_1_152' title='bbox 434 2850 717 2922; x_wconf 87' lang='lat' dir='ltr'>scholasticorum</span> <span class='ocrx_word' id='word_1_153' title='bbox 732 2851 971 2922; x_wconf 87' lang='lat' dir='ltr'>demonstrare</span> <span class='ocrx_word' id='word_1_154' title='bbox 986 2851 1104 2944; x_wconf 86' lang='lat' dir='ltr'>possit.</span> <span class='ocrx_word' id='word_1_155' title='bbox 1121 2852 1150 2922; x_wconf 94' lang='grc' dir='ltr'>Ο</span> <span class='ocrx_word' id='word_1_156' title='bbox 1168 2849 1308 2921; x_wconf 89' lang='lat' dir='ltr'>violen-</span> 
     </span>
     <span class='ocr_line' id='line_1_23' title="bbox 184 2966 1306 3062; baseline 0 -24"><span class='ocrx_word' id='word_1_157' title='bbox 184 2975 236 3038; x_wconf 85' lang='lat' dir='ltr'>tes</span> <span class='ocrx_word' id='word_1_158' title='bbox 252 2967 380 3037; x_wconf 88' lang='lat' dir='ltr'>amoris</span> <span class='ocrx_word' id='word_1_159' title='bbox 398 2966 574 3038; x_wconf 89' lang='lat' dir='ltr'>flammas!</span> <span class='ocrx_word' id='word_1_160' title='bbox 597 2969 625 3040; x_wconf 92' lang='grc' dir='ltr'>Ο</span> <span class='ocrx_word' id='word_1_161' title='bbox 641 2968 805 3039; x_wconf 88' lang='lat' dir='ltr'>invictam</span> <span class='ocrx_word' id='word_1_162' title='bbox 819 2967 1136 3062; x_wconf 85' lang='lat' dir='ltr'>inexorabilemqne</span> <span class='ocrx_word' id='word_1_163' title='bbox 1154 2967 1306 3038; x_wconf 88' lang='lat' dir='ltr'>Veneris</span> 
     </span>
     <span class='ocr_line' id='line_1_24' title="bbox 185 3081 1307 3179; baseline -0.001 -26"><span class='ocrx_word' id='word_1_164' title='bbox 185 3081 395 3175; x_wconf 85' lang='lat' dir='ltr'>potentiam!</span> <span class='ocrx_word' id='word_1_165' title='bbox 426 3083 471 3154; x_wconf 85' lang='lat' dir='ltr'>Et</span> <span class='ocrx_word' id='word_1_166' title='bbox 496 3105 599 3178; x_wconf 88' lang='lat' dir='ltr'>qnam</span> <span class='ocrx_word' id='word_1_167' title='bbox 629 3094 722 3155; x_wconf 88' lang='lat' dir='ltr'>recte</span> <span class='ocrx_word' id='word_1_168' title='bbox 754 3110 772 3154; x_wconf 83' lang='lat' dir='ltr'>u</span> <span class='ocrx_word' id='word_1_169' title='bbox 802 3108 918 3179; x_wconf 87' lang='lat' dir='ltr'>parce,</span> <span class='ocrx_word' id='word_1_170' title='bbox 948 3106 1046 3176; x_wconf 82' lang='lat' dir='ltr'>rogo,</span> <span class='ocrx_word' id='word_1_171' title='bbox 1071 3105 1307 3178; x_wconf 91' lang='lat' dir='ltr'>quaecumque</span> 
     </span>
     <span class='ocr_line' id='line_1_25' title="bbox 184 3198 1302 3294; baseline 0.001 -25"><span class='ocrx_word' id='word_1_172' title='bbox 184 3199 258 3270; x_wconf 88' lang='lat' dir='ltr'>Dea</span> <span class='ocrx_word' id='word_1_173' title='bbox 273 3221 309 3269; x_wconf 89' lang='lat' dir='ltr'>es</span> <span class='ocrx_word' id='word_1_174' title='bbox 326 3223 344 3266; x_wconf 78' lang='lat' dir='ltr'>a</span> <span class='ocrx_word' id='word_1_175' title='bbox 360 3209 462 3291; x_wconf 89' lang='lat' dir='ltr'>poeta</span> <span class='ocrx_word' id='word_1_176' title='bbox 472 3199 621 3271; x_wconf 89' lang='lat' dir='ltr'>addidit!</span> <span class='ocrx_word' id='word_1_177' title='bbox 642 3199 679 3270; x_wconf 87' lang='lat' dir='ltr'>Si</span> <span class='ocrx_word' id='word_1_178' title='bbox 695 3200 860 3288; x_wconf 84' lang='lat' dir='ltr'>Candida,</span> <span class='ocrx_word' id='word_1_179' title='bbox 874 3201 991 3294; x_wconf 85' lang='lat' dir='ltr'>quinta</span> <span class='ocrx_word' id='word_1_180' title='bbox 1010 3199 1163 3294; x_wconf 88' lang='lat' dir='ltr'>perlecta</span> <span class='ocrx_word' id='word_1_181' title='bbox 1178 3198 1302 3291; x_wconf 85' lang='lat' dir='ltr'>elegia,</span> 
     </span>
     <span class='ocr_line' id='line_1_26' title="bbox 185 3313 1304 3408; baseline 0 -24"><span class='ocrx_word' id='word_1_182' title='bbox 185 3337 254 3385; x_wconf 90' lang='lat' dir='ltr'>non</span> <span class='ocrx_word' id='word_1_183' title='bbox 276 3313 418 3386; x_wconf 84' lang='lat' dir='ltr'>confidit</span> <span class='ocrx_word' id='word_1_184' title='bbox 436 3316 561 3386; x_wconf 87' lang='lat' dir='ltr'>Bezam</span> <span class='ocrx_word' id='word_1_185' title='bbox 583 3316 886 3388; x_wconf 78' lang='lat' dir='ltr'>vehementissimo</span> <span class='ocrx_word' id='word_1_186' title='bbox 912 3339 1029 3387; x_wconf 87' lang='lat' dir='ltr'>amore</span> <span class='ocrx_word' id='word_1_187' title='bbox 1056 3337 1135 3386; x_wconf 88' lang='lat' dir='ltr'>esse</span> <span class='ocrx_word' id='word_1_188' title='bbox 1154 3325 1304 3408; x_wconf 88' lang='lat' dir='ltr'>captum,</span> 
     </span>
     <span class='ocr_line' id='line_1_27' title="bbox 186 3429 1307 3527; baseline 0.003 -25"><span class='ocrx_word' id='word_1_189' title='bbox 186 3429 338 3502; x_wconf 83' lang='lat' dir='ltr'>Candida</span> <span class='ocrx_word' id='word_1_190' title='bbox 356 3454 424 3502; x_wconf 91' lang='lat' dir='ltr'>non</span> <span class='ocrx_word' id='word_1_191' title='bbox 439 3433 546 3524; x_wconf 84' lang='lat' dir='ltr'>digna</span> <span class='ocrx_word' id='word_1_192' title='bbox 560 3431 627 3503; x_wconf 86' lang='lat' dir='ltr'>fuit</span> <span class='ocrx_word' id='word_1_193' title='bbox 650 3455 739 3527; x_wconf 89' lang='lat' dir='ltr'>quae</span> <span class='ocrx_word' id='word_1_194' title='bbox 758 3433 801 3504; x_wconf 91' lang='lat' dir='ltr'>ab</span> <span class='ocrx_word' id='word_1_195' title='bbox 823 3432 1056 3526; x_wconf 85' lang='lat' dir='ltr'>eruditissimo</span> <span class='ocrx_word' id='word_1_196' title='bbox 1070 3433 1221 3526; x_wconf 88' lang='lat' dir='ltr'>quidem,</span> <span class='ocrx_word' id='word_1_197' title='bbox 1246 3434 1307 3505; x_wconf 87' lang='lat' dir='ltr'>sed</span> 
     </span>
     <span class='ocr_line' id='line_1_28' title="bbox 187 3547 1308 3644; baseline 0.004 -28"><span class='ocrx_word' id='word_1_198' title='bbox 187 3553 326 3640; x_wconf 86' lang='lat' dir='ltr'>propter</span> <span class='ocrx_word' id='word_1_199' title='bbox 348 3547 437 3618; x_wconf 90' lang='lat' dir='ltr'>hanc</span> <span class='ocrx_word' id='word_1_200' title='bbox 451 3548 557 3641; x_wconf 83' lang='lat' dir='ltr'>ipsam</span> <span class='ocrx_word' id='word_1_201' title='bbox 575 3548 806 3620; x_wconf 86' lang='lat' dir='ltr'>eruditionem</span> <span class='ocrx_word' id='word_1_202' title='bbox 823 3550 1027 3620; x_wconf 85' lang='lat' dir='ltr'>stultissimo</span> <span class='ocrx_word' id='word_1_203' title='bbox 1042 3562 1143 3644; x_wconf 88' lang='lat' dir='ltr'>atque</span> <span class='ocrx_word' id='word_1_204' title='bbox 1159 3550 1308 3643; x_wconf 86' lang='lat' dir='ltr'>ineptis-</span> 
     </span>
     <span class='ocr_line' id='line_1_29' title="bbox 186 3662 1307 3750; baseline 0.004 -17"><span class='ocrx_word' id='word_1_205' title='bbox 186 3663 272 3733; x_wconf 89' lang='lat' dir='ltr'>simo</span> <span class='ocrx_word' id='word_1_206' title='bbox 290 3662 443 3750; x_wconf 82' lang='lat' dir='ltr'>homine,</span> <span class='ocrx_word' id='word_1_207' title='bbox 464 3672 498 3734; x_wconf 87' lang='lat' dir='ltr'>et</span> <span class='ocrx_word' id='word_1_208' title='bbox 517 3677 693 3736; x_wconf 87' lang='lat' dir='ltr'>amaretur</span> <span class='ocrx_word' id='word_1_209' title='bbox 708 3675 742 3737; x_wconf 90' lang='lat' dir='ltr'>et</span> <span class='ocrx_word' id='word_1_210' title='bbox 757 3671 962 3737; x_wconf 86' lang='lat' dir='ltr'>caneretur!</span> <span class='ocrx_word' id='word_1_211' title='bbox 988 3666 1044 3736; x_wconf 82' lang='lat' dir='ltr'>Ab</span> <span class='ocrx_word' id='word_1_212' title='bbox 1064 3689 1132 3736; x_wconf 90' lang='lat' dir='ltr'>nno</span> <span class='ocrx_word' id='word_1_213' title='bbox 1152 3665 1307 3738; x_wconf 87' lang='lat' dir='ltr'>carmine</span> 
     </span>
     <span class='ocr_line' id='line_1_30' title="bbox 186 3779 1307 3868; baseline 0.004 -20"><span class='ocrx_word' id='word_1_214' title='bbox 186 3779 278 3849; x_wconf 90' lang='lat' dir='ltr'>disce</span> <span class='ocrx_word' id='word_1_215' title='bbox 294 3802 425 3868; x_wconf 89' lang='lat' dir='ltr'>omnes,</span> <span class='ocrx_word' id='word_1_216' title='bbox 439 3787 477 3850; x_wconf 90' lang='lat' dir='ltr'>ut</span> <span class='ocrx_word' id='word_1_217' title='bbox 491 3781 599 3852; x_wconf 85' lang='lat' dir='ltr'>aiunt.</span> <span class='ocrx_word' id='word_1_218' title='bbox 617 3781 694 3854; x_wconf 91' lang='lat' dir='ltr'>Non</span> <span class='ocrx_word' id='word_1_219' title='bbox 713 3782 888 3854; x_wconf 75' lang='lat' dir='ltr'>Candidas</span> <span class='ocrx_word' id='word_1_220' title='bbox 904 3783 1029 3866; x_wconf 89' lang='lat' dir='ltr'>solnm,</span> <span class='ocrx_word' id='word_1_221' title='bbox 1044 3781 1105 3852; x_wconf 84' lang='lat' dir='ltr'>sed</span> <span class='ocrx_word' id='word_1_222' title='bbox 1121 3780 1223 3853; x_wconf 85' lang='lat' dir='ltr'>etiarn</span> <span class='ocrx_word' id='word_1_223' title='bbox 1238 3781 1307 3852; x_wconf 91' lang='lat' dir='ltr'>lec-</span> 
     </span>
     <span class='ocr_line' id='line_1_31' title="bbox 185 3895 1304 3992; baseline 0.003 -27"><span class='ocrx_word' id='word_1_224' title='bbox 185 3906 296 3966; x_wconf 87' lang='lat' dir='ltr'>tornrn</span> <span class='ocrx_word' id='word_1_225' title='bbox 315 3895 452 3965; x_wconf 88' lang='lat' dir='ltr'>veniam</span> <span class='ocrx_word' id='word_1_226' title='bbox 466 3920 594 3990; x_wconf 85' lang='lat' dir='ltr'>rogare</span> <span class='ocrx_word' id='word_1_227' title='bbox 605 3898 724 3969; x_wconf 90' lang='lat' dir='ltr'>debuit</span> <span class='ocrx_word' id='word_1_228' title='bbox 735 3906 899 3990; x_wconf 86' lang='lat' dir='ltr'>protanta</span> <span class='ocrx_word' id='word_1_229' title='bbox 916 3897 1109 3968; x_wconf 85' lang='lat' dir='ltr'>insulsitate</span> <span class='ocrx_word' id='word_1_230' title='bbox 1124 3896 1178 3969; x_wconf 91' lang='lat' dir='ltr'>vel</span> <span class='ocrx_word' id='word_1_231' title='bbox 1190 3897 1304 3992; x_wconf 87' lang='lat' dir='ltr'>potins</span> 
     </span>
     <span class='ocr_line' id='line_1_32' title="bbox 186 4011 1304 4109; baseline 0.004 -28"><span class='ocrx_word' id='word_1_232' title='bbox 186 4013 333 4084; x_wconf 87' lang='lat' dir='ltr'>insania.</span> <span class='ocrx_word' id='word_1_233' title='bbox 353 4011 410 4082; x_wconf 87' lang='lat' dir='ltr'>Sic</span> <span class='ocrx_word' id='word_1_234' title='bbox 429 4013 533 4084; x_wconf 81' lang='lat' dir='ltr'>verba</span> <span class='ocrx_word' id='word_1_235' title='bbox 548 4014 665 4084; x_wconf 89' lang='lat' dir='ltr'>verbis</span> <span class='ocrx_word' id='word_1_236' title='bbox 689 4015 820 4085; x_wconf 88' lang='lat' dir='ltr'>collidit</span> <span class='ocrx_word' id='word_1_237' title='bbox 843 4022 944 4109; x_wconf 88' lang='lat' dir='ltr'>atque</span> <span class='ocrx_word' id='word_1_238' title='bbox 967 4036 986 4084; x_wconf 91' lang='lat' dir='ltr'>e</span> <span class='ocrx_word' id='word_1_239' title='bbox 1013 4015 1207 4084; x_wconf 89' lang='lat' dir='ltr'>miserrimo</span> <span class='ocrx_word' id='word_1_240' title='bbox 1226 4016 1304 4108; x_wconf 87' lang='lat' dir='ltr'>joco</span> 
     </span>
     <span class='ocr_line' id='line_1_33' title="bbox 186 4130 1305 4225; baseline 0.002 -27"><span class='ocrx_word' id='word_1_241' title='bbox 186 4151 353 4200; x_wconf 87' lang='lat' dir='ltr'>summam</span> <span class='ocrx_word' id='word_1_242' title='bbox 369 4130 578 4224; x_wconf 87' lang='lat' dir='ltr'>voluptatem</span> <span class='ocrx_word' id='word_1_243' title='bbox 596 4133 773 4225; x_wconf 89' lang='lat' dir='ltr'>percipere</span> <span class='ocrx_word' id='word_1_244' title='bbox 784 4131 932 4201; x_wconf 88' lang='lat' dir='ltr'>videtur.</span> <span class='ocrx_word' id='word_1_245' title='bbox 954 4130 1068 4202; x_wconf 89' lang='lat' dir='ltr'>Nimis</span> <span class='ocrx_word' id='word_1_246' title='bbox 1087 4152 1170 4201; x_wconf 87' lang='lat' dir='ltr'>sane</span> <span class='ocrx_word' id='word_1_247' title='bbox 1185 4131 1305 4200; x_wconf 89' lang='lat' dir='ltr'>doctus</span> 
     </span>
     <span class='ocr_line' id='line_1_34' title="bbox 186 4246 1083 4344; baseline 0.006 -31"><span class='ocrx_word' id='word_1_248' title='bbox 186 4253 252 4336; x_wconf 82' lang='lat' dir='ltr'>est,</span> <span class='ocrx_word' id='word_1_249' title='bbox 269 4254 385 4344; x_wconf 81' lang='lat' dir='ltr'>atque,</span> <span class='ocrx_word' id='word_1_250' title='bbox 404 4258 439 4316; x_wconf 85' lang='lat' dir='ltr'>nt</span> <span class='ocrx_word' id='word_1_251' title='bbox 453 4248 496 4319; x_wconf 87' lang='lat' dir='ltr'>de</span> <span class='ocrx_word' id='word_1_252' title='bbox 514 4269 551 4317; x_wconf 84' lang='lat' dir='ltr'>se</span> <span class='ocrx_word' id='word_1_253' title='bbox 566 4249 641 4344; x_wconf 89' lang='lat' dir='ltr'>ipso</span> <span class='ocrx_word' id='word_1_254' title='bbox 665 4247 763 4336; x_wconf 85' lang='lat' dir='ltr'>dixit,</span> <span class='ocrx_word' id='word_1_255' title='bbox 786 4246 955 4342; x_wconf 87' lang='lat' dir='ltr'>insipidos</span> <span class='ocrx_word' id='word_1_256' title='bbox 970 4253 1083 4342; x_wconf 86' lang='lat' dir='ltr'>poeta.</span> 
     </span>
    </p>
   </div>
   <div class='ocr_carea' id='block_1_3' title="bbox 0 0 1571 4988">
    <p class='ocr_par' dir='ltr' id='par_1_4' title="bbox 0 0 1571 4988">
     <span class='ocr_line' id='line_1_35' title="bbox 0 0 1571 4988; baseline 0 0"><span class='ocrx_word' id='word_1_257' title='bbox 0 0 1571 4988; x_wconf 95' lang='lat' dir='ltr'> </span> 
     </span>
    </p>
   </div>
  </div>
 </body>
</html>
