3124 4988
660 369 705 425 un
718 369 855 425 bunone
1287 367 1320 421 et

198 521 308 616 rique,
328 545 371 594 ne
393 522 502 594 dicam
523 541 656 610 omues,
688 521 880 592 imitatores
914 515 1154 591 tantummodo
1179 517 1319 590 fuerunt

197 645 311 732 atque,
334 638 425 732 quod
452 637 643 710 imitatores
672 659 748 708 esse
774 635 900 727 solent,
925 635 1046 729 frigidi
1067 643 1100 707 et
1116 635 1240 726 odiosi,
1257 636 1319 706 sed
1416 691 1418 696 .

196 777 239 825 ne
260 755 441 826 minimam
462 754 599 850 quidem
622 753 783 825 candoris
806 754 1083 848 sinceritatisque
1099 760 1216 824 notam
1234 774 1317 846 prae

196 895 232 942 se
246 870 375 942 ferunt.
394 873 518 943 Bezam
540 871 678 966 quidem
696 871 788 942 inter
809 871 894 942 istos
908 869 1092 963 praecipue
1107 891 1318 940 annumera-

194 989 301 1059 ndum
334 1011 410 1060 esse
441 987 540 1058 uobis
571 987 724 1059 breviter
749 1011 840 1058 nunc
860 998 912 1058 est
942 985 1264 1059 demonstrandum.

243 1105 430 1179 Candidam
453 1113 488 1176 et
502 1104 680 1193 Publiam,
697 1103 837 1198 quaein
854 1103 992 1196 Elegiis
1004 1105 1200 1174 nominatae
1220 1111 1315 1188 sunt,

193 1229 296 1315 atque
311 1222 414 1292 etiam
433 1222 600 1314 quasdam
618 1219 716 1308 alias,
738 1241 883 1312 quarum
897 1217 1084 1290 nominain
1103 1218 1315 1291 carminibus

192 1359 365 1430 nusquam
390 1344 569 1430 apparent.
593 1337 719 1407 aBeza
739 1335 846 1406 fuisse
866 1344 999 1406 amatas
1019 1336 1102 1405 satis
1127 1334 1317 1406 verisimile
1353 1389 1355 1400 .

191 1464 256 1539 est,
274 1477 317 1524 ne
329 1453 482 1524 dicamus
499 1459 641 1524 certum.
659 1453 746 1525 Cum
763 1452 852 1521 euim
870 1451 1005 1543 elegias
1023 1451 1210 1540 scribebat,
1226 1452 1317 1524 Beaa

191 1569 375 1640 admodum
398 1569 543 1663 juvenis
562 1579 638 1640 erat
657 1568 910 1662 atque'auim0‚
935 1568 969 1636 id
990 1575 1043 1638 est
1064 1567 1247 1660 voluptati,
1279 1577 1316 1639 ut

92 1701 94 1707 “
190 1683 265 1754 fieri
278 1685 600 1778 solet‚indulgebat.
615 1685 706 1770 Quin
719 1684 911 1778 etiamque
927 1682 1129 1775 diligentior
1139 1683 1184 1754 sit
1198 1691 1317 1756 nostra

190 1800 384 1893 explicatio,
405 1802 489 1871 satis
505 1823 676 1895 superque
697 1799 880 1892 probatum
892 1799 1057 1870 habemus
1072 1821 1150 1870 cum
1165 1799 1314 1872 aliorum

191 1925 266 1987 tum
283 1917 395 1987 Bezae
410 1917 615 1988 testimoniis
637 1917 763 1987 Bezam
776 1903 957 1986 'illecebris
977 1915 1195 2009 voluptatum
1209 1918 1314 1990 vehe-

190 2033 329 2103 ueutius
358 2041 567 2105 commotum
588 2055 664 2104 esse
693 2054 796 2126 quam
821 2031 1006 2127 plerosque
1026 2033 1266 2106 adulescentes
1302 2059 1309 2104 :

190 2148 281 2243 quod
298 2170 357 2241 pro
374 2150 447 2242 ejus
466 2148 592 2236 forma,
614 2147 770 2240 iugenio,
798 2148 944 2240 divitiis,
968 2170 1036 2219 non
1066 2149 1223 2221 accidere
1243 2171 1312 2223 non

189 2272 332 2356 poterat.
350 2265 473 2361 Neque
484 2274 601 2336 tamen
619 2289 638 2336 e
658 2263 872 2336 carminibus
887 2267 963 2358 eJ‘us
980 2265 1200 2336 manifestum
1214 2267 1313 2338 nobis

185 2379 224 2450 fit
237 2405 315 2451 eum
328 2381 563 2453 miserabilem
578 2380 674 2452 illam
684 2381 830 2452 immitis
842 2381 994 2452 Veneris
1003 2379 1110 2454 luisse
1121 2383 1308 2454 victimam.

187 2496 349 2568 Carmina
378 2495 507 2589 frigida
529 2505 633 2579 certe
653 2497 689 2566 iu
718 2497 922 2592 quibusdam
952 2499 1110 2568 omnium
1130 2507 1310 2592 poetarum

186 2611 308 2704 elegiis
323 2613 558 2707 reperiuntur,
577 2612 638 2684 sed
658 2613 775 2684 nescio
795 2635 840 2684 an
856 2614 968 2706 magis
984 2621 1017 2685 et
1032 2609 1160 2706 frigida
1171 2622 1205 2685 et
1219 2615 1311 2686 ridi-

140 2794 145 2801 ,
185 2727 262 2799 cula
274 2729 311 2800 iu
326 2730 435 2801 Bezae
455 2729 677 2800 carminibus.
692 2729 772 2800 Non
791 2729 881 2824 quod
896 2731 1037 2800 omnino
1054 2731 1169 2802 desint
1190 2754 1312 2804 versus

184 2845 243 2939 qui
262 2845 436 2940 quandam
450 2845 626 2916 flammam
645 2855 679 2917 et
694 2846 822 2916 amoris
837 2847 955 2938 iguem
977 2847 1108 2939 spirent
1122 2872 1131 2937 3
1150 2849 1211 2920 sed
1224 2871 1311 2943 per-

184 2963 285 3055 pauci
300 2962 324 3032 ii
338 2972 429 3033 sunt.
446 2963 537 3047 Quid
549 2985 635 3054 ergo
646 2961 772 3056 reliqui
787 2961 984 3033 continentt
999 2963 1139 3056 Longas
1155 2972 1189 3036 et
1199 2964 1311 3036 insul-

183 3097 240 3148 sus
262 3087 296 3150 et
318 3099 406 3174 quae
420 3079 488 3150 cito
504 3079 587 3149 dant
602 3077 837 3148 intolerabiles
854 3077 1110 3171 explicationes.

233 3195 386 3278 Quorum
416 3194 568 3264 omnium
606 3195 705 3264 nobis
739 3194 921 3287 praecipue
962 3203 1065 3265 erunt
1105 3195 1310 3269 documenta

181 3308 302 3404 quinta
317 3319 350 3380 et
363 3311 511 3403 septima
530 3309 678 3403 elegiae.
697 3309 750 3379 Ex
766 3309 816 3380 eis
840 3305 998 3380 nonnulli
1018 3309 1156 3404 quidem
1171 3316 1310 3408 excerpi

181 3434 327 3518 possunt
346 3445 470 3495 versus
487 3425 545 3519 qui
564 3426 737 3518 quandam
758 3425 992 3496 sinceritatem
1005 3427 1217 3519 praebeant:

213 3751 227 3780 «
249 3731 343 3786 Poetes
354 3750 389 3792 ou
404 3733 567 3800 chevaliers,
580 3730 709 3787 beriticus
723 3733 762 3786 les
774 3749 825 3788 uns
839 3739 866 3786 et
880 3731 918 3787 les
933 3739 1025 3787 autres
1040 3735 1087 3788 des
1099 3733 1172 3788 ide'es
1188 3734 1309 3803 galantes

180 3811 214 3864 du
228 3828 327 3883 moyen
345 3818 406 3881 age,
429 3822 486 3868 tous
503 3814 628 3868 uimaient
646 3817 662 3867 d
677 3814 703 3867 la
716 3814 766 3867 fois
783 3813 985 3882 d'imaginatiou
996 3821 1023 3867 et
1042 3816 1074 3868 de
1095 3816 1203 3884 passion
1222 3817 1307 3871 vraie.

181 3891 293 3945 Cbacuu
312 3897 383 3947 avait
393 3912 424 3947 sa
435 3895 522 3962 dame,
539 3891 690 3964 respecte'e‚
706 3894 824 3948 honorae
838 3910 906 3963 pour
925 3894 966 3948 les
977 3897 1087 3949 meritas
1102 3897 1135 3950 de
1149 3912 1197 3949 sou
1212 3897 1307 3967 esprit,

175 3978 200 4025 et
212 3985 242 4025 sa
259 3971 400 4028 maitresse
417 3973 583 4029 recherehde
596 3991 665 4044 pour
681 3991 724 4030 ses
742 3975 877 4029 charmes.
893 3973 1115 4040 corrodentem,
1130 3975 1310 4031 al'imitatton

175 4053 207 4106 de
216 4051 243 4105 la
253 4053 345 4124 poesie
360 4071 522 4109 amourcuue
537 4056 584 4110 des
595 4057 697 4120 Latius,
711 4056 782 4108 avait
793 4073 830 4109 un
849 4072 910 4109 nom
926 4058 958 4110 de
972 4072 1087 4124 guerre:
1101 4056 1152 4109 elle
1167 4055 1309 4127 s'appelait

176 4130 260 4198 Delie,
289 4135 432 4202 Francine,
448 4133 558 4199 Metine,
575 4133 734 4202 Cassandro,
751 4135 838 4200 Olive,
864 4136 1023 4192 Cestianire.
1039 4136 1157 4202 L'autre,
1183 4135 1309 4192 l'amante

175 4211 270 4279 ide'ale,
286 4216 379 4268 restait
394 4217 543 4284 davantage
558 4213 624 4268 dans
639 4215 664 4268 le
683 4227 770 4283 vagae
787 4231 793 4267 :
811 4231 862 4269 une
877 4215 986 4270 aureole
1006 4219 1038 4269 de
1055 4223 1161 4286 respect
1176 4219 1310 4271 entourait

177 4308 225 4346 son
238 4293 317 4350 frunt.
335 4313 349 4346 u
367 4294 479 4367 (Ferre,
495 4298 527 4351 0.
544 4293 579 4349 dc
592 4297 731 4365 Mayny.)
