3124 4988
254 389 285 438 94
648 389 694 441 nu
710 387 979 439 EPIGRAMMATIS

255 537 419 608 Attamen
434 534 464 606 si
493 534 706 606 sextidecimi
722 534 848 607 saeculi
864 534 1044 605 hominum
1060 558 1173 605 mores
1188 535 1373 606 inmemo-

257 653 344 722 riam
371 652 602 739 revocaveris,
635 651 736 723 facile
755 651 787 722 ei
813 650 948 722 veniam
969 651 1156 741 concedas;
1182 649 1287 723 immo
1308 649 1376 719 mi-

257 791 334 840 rum
360 776 411 839 est
425 769 550 839 Bezam
564 791 638 839 non·
651 767 762 860 magis
783 767 918 838 eximiis
943 766 1107 838 extulisse
1128 763 1376 837 Rabelaesum¹

258 896 291 956 et
307 881 509 976 Marotum2,
524 885 581 979 qui
595 885 734 980 quidem
748 885 853 977 longe
864 883 1049 956 clarissimi
1064 882 1202 955 fuerunt
1220 883 1373 953 omnium

259 1024 345 1097 quos
357 1001 519 1073 laudarit.
533 1002 646 1096 Atque
656 1000 743 1072 illud
758 1024 798 1072 eo
815 999 1003 1072 notabilius
1019 1000 1167 1096 estquod
1182 1000 1243 1072 alii
1262 983 1377 1093 scrip-

259 1126 351 1190 tores
366 1121 511 1212 quo'rum
530 1139 636 1211 opera
657 1140 726 1188 non
741 1116 901 1210 legimus
926 1115 1030 1214 idque
1060 1119 1195 1202 merito,
1216 1116 1378 1189 maximis

259 1243 293 1306 et
314 1233 537 1328 amplissimis
565 1234 759 1328 praeconiis
786 1234 1019 1306 cumulantur.
1051 1234 1086 1305 J.
1121 1234 1299 1305 Secundus
1314 1232 1378 1304 fuit

258 1360 358 1447 poeta
373 1374 458 1422 sane
480 1350 668 1445 probabilis
691 1360 724 1422 et
751 1350 894 1443 ingenio
911 1349 1029 1421 vivido
1044 1350 1252 1446 ardentique
1271 1373 1378 1445 prae--

260 1468 352 1540 ditus
371 1495 380 1560 3
397 1469 471 1564 ejus
487 1467 602 1540 Rusio
621 1490 775 1539 amorem
794 1491 914 1540 verum
928 1466 1107 1558 redolent;
1124 1467 1247 1538 mirari
1261 1477 1378 1540 tamen

260 1608 331 1656 non
356 1609 539 1680 possumus
566 1585 658 1678 quod
685 1585 775 1657 Beza
804 1608 881 1656 eum
902 1595 935 1656 et
958 1584 1108 1677 Virgilio
1129 1594 1162 1655 et
1177 1584 1328 1656 Pindaro
1345 1596 1379 1655 et

261 1701 381 1773 Ouidio
402 1712 435 1774 et
457 1701 612 1773 Martiali
638 1703 861 1796 anteposuit3
891 1702 974 1798 quin
1007 1703 1123 1791 etiam,
1141 1711 1179 1772 ut
1193 1700 1231 1771 hi
1246 1701 1379 1794 singuli

262 1843 344 1913 prae
357 1819 417 1890 illo
432 1819 532 1913 parvi
547 1827 626 1891 sunt
639 1820 814 1912 momenti,
836 1819 882 1890 ita
903 1793 947 1890 ne
971 1818 1128 1890 universi
1146 1819 1284 1914 quidem
1300 1841 1380 1889 eum

261 1960 485 2032 compensare
501 1935 668 2029 possuntt
698 1937 808 2008 Aldus
828 1937 1006 2008 Manutius
1022 1937 1124 2008 etiam
1138 1935 1297 2031 pluribus
1306 1935 1380 2006 lau·

262 2054 376 2145 dibus,
399 2055 428 2126 si
446 2054 525 2125 fieri
551 2061 674 2148 potest,
711 2052 913 2127 extollitur4.
941 2055 1069 2125 Poetae
1092 2056 1196 2144 enim,
1222 2053 1381 2148 quamvis

263 2170 415 2260 maximi,
446 2170 536 2242 nihil
559 2170 653 2243 aliud
687 2179 768 2242 sunt
799 2170 866 2242 nisi
886 2183 1026 2264 poetae3
1045 2170 1159 2242 Aldus
1185 2195 1267 2244 vero
1282 2213 1330 2224 -
1344 2181 1382 2242 ut

263 2289 401 2384 quidem
433 2287 499 2360 fert
529 2289 642 2360 Bezae
675 2289 790 2382 opinio
814 2330 858 2354 -.
886 2286 970 2359 deus
998 2297 1063 2378 est,
1087 2287 1213 2383 quippe
1228 2287 1382 2383 quidum

266 2407 355 2500 typis
368 2426 473 2499 opera
485 2412 664 2498 poetarum
682 2404 821 2476 mandat
837 2405 887 2476 eis
907 2414 1071 2498 tanquam
1085 2403 1381 2475 immortalitatem

262 2521 444 2592 condonet.
470 2521 538 2591 Hie
565 2521 786 2613 agnoscimus
818 2520 942 2592 subtile
971 2529 1004 2591 et
1035 2533 1170 2591 acutum
1202 2521 1382 2612 ingenium

264 2637 437 2731 quodJ'am
462 2637 498 2707 in
527 2635 733 2732 quibusdam
753 2637 937 2732 epitaphiis
958 2637 1281 2709 animadvertimus.
1307 2637 1383 2708 De·

264 2754 366 2848 nique
394 2753 623 2844 WolmariuS,
655 2753 892 2826 aestimatione
918 2755 1040 2842 Reme,
1068 2753 1257 2825 collocatur
1277 2775 1382 2845 supra

264 2870 588 2960 Homerum‚imm0
603 2893 705 2964 supra
720 2869 804 2941 deos
827 2894 834 2939 ε
866 2871 889 2941 ii
916 2870 1008 2942 enim
1036 2871 1227 2941 Homerum
1243 2891 1383 2941 caecum

265 2986 464 3078 effecerant,
481 2986 697 3059 Wolmarius
710 2995 825 3058 autem
843 2987 1089 3058 commentario
1101 2987 1244 3058 Homeri
1256 2985 1384 3056 carmi-

265 3104 367 3174 nibus
392 3104 507 3175 addito
534 3102 650 3176 effecit
673 3114 709 3175 ut
743 3112 844 3199 poeta
873 3127 995 3175 rursus
1015 3103 1206 3174 clarissime
1222 3099 1382 3174 uideret⁵.

265 3221 317 3293 Ea
335 3220 489 3316 proiecto
503 3223 644 3294 minime
667 3222 757 3294 salsa
778 3229 857 3293 sunt
891 3230 924 3292 et
950 3221 1077 3315 lepida,
1099 3242 1187 3317 quae
1207 3230 1323 3291 tamen
1337 3219 1385 3289 ri-

267 3362 343 3410 sum
363 3349 537 3426 moveant,
562 3362 632 3410 non
648 3339 935 3433 indignationem.

316 3455 357 3526 ln
402 3455 600 3526 eorumdem
640 3455 929 3549 epigrammatum
956 3476 1087 3546 genere
1121 3475 1251 3546 ponere
1287 3452 1387 3525 nobis

305 3672 315 3707 ¹
442 3673 494 3739 Qui
507 3674 683 3741 emungatur,
701 3681 860 3729 tractantem
873 3680 902 3727 ut
916 3674 986 3727 seria
1000 3674 1099 3739 vincat,

483 3755 560 3809 Seria
577 3771 659 3826 quum
672 3757 760 3823 faciet,
772 3756 823 3821 dio,
835 3771 912 3824 roge,
924 3761 1038 3825 quantus
1053 3751 1124 3809 eritt

443 3862 511 3916 Tam
525 3863 602 3917 docte
618 3862 750 3917 Venerem
765 3863 871 3916 divinus
881 3863 967 3932 pinxit
983 3861 1128 3932 Apelles...

305 3959 317 3995 ³
443 3959 588 4013 Excelsum
602 3977 650 4014 seu
666 3960 755 4013 condit
768 3976 870 4030 opus...

306 4040 318 4075 ¹¹
338 4041 459 4094 Deltuo
469 4039 672 4093 Manutiorum
687 4041 819 4092 omnium
832 4040 950 4110 quidem
965 4040 1141 4108 authorum,
1157 4041 1312 4109 praecipue
1324 4056 1391 4094 uero

270 4132 421 4190 poetarum
434 4121 667 4175 eccellentissimo
682 4120 883 4189 Typoqroplzo.

306 4204 317 4239 ⁵
337 4203 378 4255 De
389 4202 612 4256 Commentariis
623 4201 659 4256 D.
670 4201 834 4253 Melchioris
849 4202 998 4268 Volmartt,
1005 4204 1204 4270 praeceptoris
1216 4202 1389 4267 clarissimi,

271 4286 303 4338 in
317 4284 437 4337 Homeri
449 4285 569 4352 poesim.
