3124 4988
633 435 678 485 DE
695 434 830 486 nundus
1262 435 1292 487 51

172 579 355 670 Horatius,
371 580 576 651 Montanius
589 580 626 650 in
638 580 796 652 Boetium
808 588 1081 674 expresserunt3
1096 588 1295 653 nontamen

173 693 248 780 sine
271 694 381 787 pretio
409 693 447 765 hi
475 702 553 765 sunt
581 696 692 766 Bezae
709 719 853 767 versus.
886 697 982 780 Quae
1024 695 1068 766 ab
1094 695 1193 768 initio
1220 699 1295 791 ejus

174 809 336 888 'carminis
357 810 508 904 scripsit,
532 833 570 883 se
592 812 761 882 immenso
777 822 917 905 stupore
932 809 1105 882 adfectum
1124 835 1200 884 esse
1215 837 1295 884 cum

172 927 290 998 morbo
311 925 473 998 Validum
498 926 662 1000 laborare
685 930 884 1000 nuntiatum
905 926 1023 1016 fuerit,
1042 931 1199 1023 quamvis
1225 931 1296 1002 sint

172 1043 338 1134 graviora
359 1049 393 1114 et
412 1043 593 1137 paululum
610 1044 851 1135 immoderata,
881 1055 992 1116 tamen
1012 1045 1167 1117 veritatis
1188 1046 1293 1140 quid-

172 1157 251 1228 dam
265 1159 414 1230 retinent
429 1183 437 1230 :

252 1353 295 1412 Ut
310 1357 411 1429 stupet
425 1353 537 1412 emisso
553 1352 579 1412 si
593 1354 660 1429 quis
675 1353 758 1414 lovis
771 1353 841 1430 igne
853 1354 978 1431 petitus,

293 1441 337 1500 Ut
355 1447 456 1518 stupet
470 1440 583 1502 insanis
596 1441 698 1502 navita
712 1449 817 1520 raptus
832 1444 928 1521 aquis,

255 1530 306 1590 Sic
320 1531 435 1608 stupui.

223 1725 290 1810 Qui
313 1749 397 1798 vero
418 1736 610 1822 sequuntur
643 1751 767 1800 versus
799 1727 920 1822 frigidi
946 1737 1027 1798 sunt
1056 1739 1089 1800 et
1117 1727 1294 1820 languidi3

173 1862 255 1911 nam
274 1841 357 1914 satis
378 1867 553 1939 superque
566 1854 778 1939 compertum
800 1843 968 1916 habemus
984 1843 1169 1940 -quihus
1187 1845 1297 1916 Bezae

174 1957 246 2029 vita
261 1957 365 2053 plane
385 1970 467 2033 nota
480 1962 522 2032 sit
537 2002 585 2015 -
600 1985 680 2033 eum
702 1985 875 2056 nunquam
898 1961 935 2031 in
955 1971 1029 2034 arte
1046 1961 1207 2032 medendi
1219 1983 1296 2032 esse

174 2086 349 2149 versatum
364 2102 374 2168 3
396 2078 457 2150 sed
475 2099 528 2167 ea,
545 2102 632 2174 quae
651 2103 672 2150 a
693 2079 778 2151 eaelo
795 2078 944 2151 maxima
958 2079 1084 2173 pietate
1098 2080 1195 2174 petit,
1213 2101 1296 2175 qua-

173 2191 252 2262 dam
268 2194 491 2267 miseratione
506 2219 569 2266 nos
583 2205 724 2268 movent
746 2220 754 2266 :

253 2382 410 2444 Humanae
424 2385 550 2463 siquem
564 2387 661 2463 tangit
673 2386 828 2446 miseratio
843 2387 944 2456 sortis,

295 2473 329 2532 st
343 2492 402 2554 qua
419 2482 518 2550 potest
531 2476 686 2535 hominum
698 2482 824 2552 tangere
838 2493 911 2535 cura
922 2476 1001 2534 Deos
1018 2492 1025 2532 ε

256 2563 397 2640 Quisquis
412 2566 484 2625 ades
501 2567 662 2642 Superum,
675 2569 776 2643 justae
787 2565 935 2624 miserere
948 2563 1089 2641 querelae
1092 2608 1153 2628 .....

254 2653 323 2712 Non
339 2671 396 2730 ego
413 2654 537 2713 divitias
550 2673 652 2731 posen,
671 2656 813 2714 Craesive
827 2655 942 2714 talenta
946 2697 1007 2716 .....

253 2740 318 2800 Hoc
330 2748 410 2819 peto,
427 2745 452 2802 si
468 2762 525 2820 qua
541 2744 583 2820 pii
596 2762 650 2803 vos
666 2763 739 2803 cura
753 2745 878 2820 attingit
892 2743 1014 2814 amoris,

294 2832 452 2892 Reddatur
467 2833 575 2892 Valido
594 2835 720 2910 pristina
737 2834 801 2893 vita
816 2851 893 2894 mee.

225 3000 340 3097 Atque
368 3002 539 3096 imprimis
571 3026 611 3074 ea
648 3003 854 3098 supplicatio
887 3003 1042 3074 dolorem
1072 3012 1105 3073 et
1133 3004 1293 3097 pietatem

174 3116 313 3190 adhibet
334 3142 341 3188 :

157 3371 159 3376 Ι
256 3291 342 3360 Quod
358 3290 384 3350 si
398 3297 482 3350 certa
500 3297 601 3352 manet
614 3293 721 3351 mortis
737 3292 886 3350 sententia
898 3289 982 3361 fatis,

297 3379 331 3440 Si
345 3380 419 3456 petit
434 3381 491 3439 hoe
506 3381 595 3440 etiam
612 3383 708 3441 Parca
722 3379 849 3440 scelesta
872 3387 973 3458 eaput,

255 3471 320 3528 Hoc
332 3469 431 3541 facite,
448 3471 560 3540 oDivi,
578 3489 654 3546 quae
669 3489 747 3529 nunc
760 3470 835 3528 mibi
852 3469 916 3529 vita
930 3477 1084 3545 superstes

295 3557 335 3614 Ut
353 3555 462 3616 Valido
479 3558 586 3635 prosit,
603 3559 698 3633 prosit
711 3565 740 3616 et
753 3557 805 3616 illa
820 3557 907 3618 mihi.
1000 3635 1002 3640 Ι

225 3720 330 3792 -At
340 3732 521 3816 poetarum
533 3747 629 3795 more
641 3723 741 3810 ludit,
759 3749 835 3796 cum
847 3724 996 3796 fabulam
1008 3727 1160 3798 Castoris
1170 3736 1203 3798 et
1215 3727 1294 3798 Pot-

174 3836 262 3910 lueis
274 3849 441 3910 memorat
456 3843 463 3909 t
479 3840 636 3911 -Nihil
655 3850 707 3913 est
721 3842 851 3913 certius
865 3866 874 3932 ;
900 3843 961 3913 sed
980 3841 1068 3913 illud
1080 3866 1213 3937 quoque
1226 3866 1293 3913 non

176 3955 289 4025 minus
309 3967 441 4027 certum
457 3967 510 4027 est
526 3958 690 4051 aequales
705 3970 821 4053 poetas
835 3960 1157 4054 nonpotuissesuos
1173 3959 1293 4051 expri-

176 4094 271 4142 mere
287 4095 408 4144 sensus
428 4073 496 4143 uisi
508 4096 571 4166 per
582 4074 801 4169 antiquorum
820 4076 1031 4168 scriptorum
1046 4075 1290 4162 imitationem,

174 4188 223 4258 ita
242 4196 278 4258 ut
293 4211 430 4282 semper
447 4189 545 4284 quasi
561 4188 641 4260 freti
659 4190 833 4261 veteribus
858 4191 967 4284 poetis
990 4190 1173 4261 videantur
1197 4213 1293 4259 nun-

176 4325 278 4398 quam
293 4303 405 4376 libero
421 4313 454 4376 et
473 4308 613 4401 proprio
627 4307 740 4398 gradu
762 4305 937 4380 incedere.
961 4306 1077 4378 Verba
1100 4304 1237 4398 quidem
1260 4316 1294 4374 et
