3116 4978
648 367 857 419 PROOEMIUM
1296 370 1313 419 s

180 476 225 559 'is
239 497 316 559 erat
332 487 391 581 qui
408 487 598 559 sententias
612 495 671 559 aut
685 486 879 581 exquisitas
891 494 949 559 aut
970 507 1099 581 graves
1119 489 1312 581 exprimere
1391 537 1396 546 ·
1464 519 1469 526 ·

195 602 343 699 posset¹f
358 604 405 674 At
421 602 524 697 paulo
539 611 618 674 ante
633 604 804 692 Marotus,
826 612 863 674 ut
878 626 937 674 eos
958 606 1234 695 praetermittam
1254 604 1312 698 qui

195 719 304 791 soluta
323 720 477 791 oratione
493 720 722 812 scripserunt,
741 717 935 789 reconditos
955 739 1078 788 sensus
1093 717 1314 812 linguagal—

195 835 262 908 lica
278 836 537 929 explanaverat;
548 857 594 905 ex
606 835 703 928 cujus
717 832 881 928 operibus
895 831 1118 905 manifestum
1131 843 1196 924 est,
1210 835 1314 906 etiam

193 952 263 1022 illis
294 951 523 1045 temporibus,
554 949 651 1021 illam
674 959 746 1021 tam
765 949 908 1020 divitem
921 948 1030 1022 fuisse
1045 971 1084 1021 ac
1101 948 1311 1044 locupletem

194 1076 230 1138 ut
258 1069 367 1162 poetis
385 1066 618 1160 amplissimas
633 1089 715 1159 opes
750 1064 999 1160 facultatesque
1013 1065 1196 1160 praeberet
1214 1092 1223 1157 ;
1252 1066 1315 1138 sed

195 1207 318 1255 versus
347 1183 473 1254 latinos
506 1182 619 1277 potius
646 1183 786 1274 scripsit
814 1182 905 1254 Beaa
929 1182 1022 1276 quod
1047 1181 1315 1276 contemptionis

195 1300 289 1371 illius
313 1294 383 1370 non
416 1321 537 1394 expers
556 1296 619 1368 fuit
639 1319 728 1389 quac
750 1298 855 1369 etiam
882 1307 955 1369 turn
984 1296 1169 1393 plerosque
1197 1298 1315 1370 doctos

196 1415 419 1510 eruditosque
442 1415 600 1486 homines
628 1415 665 1485 in
697 1437 853 1485 errorem
878 1413 1134 1488 inducebat-
1163 1413 1315 1486 nondum

196 1532 287 1604 enirn
304 1530 509 1604 Ronsardus
523 1532 668 1627 ejusque
681 1531 782 1602 amici
801 1530 1006 1624 dignitatem
1023 1533 1158 1625 patriae
1173 1531 1316 1624 linguae

195 1648 455 1720 vindicaverant
475 1690 522 1700 —-
557 1658 593 1718 ut
620 1670 816 1718 sermonem
842 1646 1007 1741 gallicum
1037 1647 1145 1719 latino
1164 1648 1316 1719 sermoni

196 1766 362 1857 imparem
382 1763 625 1854 aestimarent;
644 1787 710 1859 quo
727 1762 830 1834 tiebat
851 1772 887 1834 ut
907 1763 1113 1858 quicumque
1128 1763 1315 1859 antiquita-

195 1889 265 1952 tem
277 1879 454 1974 cognitam
467 1879 613 1951 haberet
628 1879 749 1971 lingua
764 1879 872 1950 latina
882 1881 917 1949 in
931 1879 1092 1972 operibus
1106 1903 1317 1974 componen-

195 1997 247 2067 dis
265 1997 483 2091 potissimum
502 2005 669 2068 uteretur.
704 1997 793 2066 Beza
824 1996 933 2087 igitur
951 1996 1042 2067 inter
1063 2017 1122 2067 eos
1141 2018 1317 2066 annume-

197 2113 325 2184 randus
361 2121 412 2182 est
442 2112 499 2206 qui
524 2113 724 2184 Ciceronem
743 2111 834 2182 velut
854 2109 1144 2204 perfectissimum
1160 2113 1316 2208 antiqui-
1369 2123 1372 2135 '

195 2231 273 2300 tatis
298 2227 476 2320 ingenium
506 2237 608 2323 atque
628 2227 817 2320 exemplum
834 2249 967 2298 summa
988 2227 1216 2299 admiratione
1231 2250 1318 2321 pto-

197 2345 426 2439 sequebantur
456 2365 657 2438 summoque
680 2344 793 2414 studio
828 2366 947 2414 omnes
969 2343 1211 2434 imitabantur,
1232 2345 1314 2440 qui-

198 2462 274 2532 dam
303 2483 387 2531 vero
417 2458 603 2548 serviliter,
625 2459 683 2530 alii
711 2482 780 2529 non
809 2459 883 2530 sine
904 2461 1019 2555 aliqua
1038 2459 1170 2554 proprii
1183 2461 1317 2562 ingenii

196 2592 289 2675 nota,
320 2596 424 2678 atque
454 2584 571 2655 oculos
593 2583 845 2655 convertebant
873 2605 943 2655 non
969 2583 1014 2654 ad
1047 2578 1255 2656 futura'sed
1273 2586 1318 2658 ad

197 2700 384 2794 praeterita
404 2700 553 2774 saecula.
585 2697 693 2771 Nobis
714 2701 870 2774 carmina
891 2699 1003 2771 Bezae
1026 2698 1189 2792 diligenti
1203 2701 1317 2772 inves-

197 2816 365 2908 tigatione
382 2814 681 2910 perscrutantibus
696 2815 874 2909 apparebit
892 2815 991 2886 illum
1005 2814 1184 2887 servilium
1199 2816 1313 2888 imita-

197 2945 309 3004 torum
338 2955 483 3003 numero
498 2930 828 3024 esseadjiciendum.
1177 2931 1179 2936 ’

246 3057 544 3142 Quemadmodum
572 3055 663 3126 nihil
692 3065 744 3127 est
766 3059 802 3126 in
818 3057 927 3129 Bezae
942 3058 1118 3132 Poematis
1133 3083 1200 3156 quo
1217 3061 1319 3133 Ron-

198 3175 293 3245 sardi
311 3173 529 3266 disciplinam
551 3159 807 3268 novitatemque
832 3178 1119 3267 praesentimus,
1150 3176 1200 3250 sic
1229 3178 1318 3249 nibil

197 3313 264 3384 quo
294 3289 474 3360 Calvinum
500 3300 534 3360 et
561 3288 781 3360 reformatam
814 3289 1021 3382 religionem
1052 3292 1316 3386 prospiciamus.

200 3411 372 3478 Attamem
387 3429 466 3475 cum
485 3405 643 3476 libellum
667 3429 767 3475 suum
784 3405 904 3497 edidit,
924 3407 1135 3502 jampridem
1160 3409 1319 3482 Wolma-

199 3522 264 3614 rio,
283 3521 527 3592 ardentissimo
542 3529 728 3592 renovatae
742 3520 825 3593 fidei
840 3521 988 3613 fautore,
998 3533 1221 3618 praeceptore
1235 3548 1318 3598 usus

199 3649 272 3708 erat
296 3636 399 3707 Beza.
435 3638 550 3720 Quare
575 3637 701 3706 mirum
718 3645 769 3707 est
789 3659 833 3708 ne
850 3638 1029 3710 minimum
1055 3640 1194 3734 quidem
1213 3642 1249 3710 in
1268 3641 1318 3713 eis

198 3752 411 3824 carminibus
425 3753 589 3823 indicium
601 3753 752 3844 reperiri
768 3775 835 3848 quo
849 3755 1028 3847 provideri
1038 3756 1146 3848 possit
1160 3765 1318 3828 nostrum

199 3880 334 3971 poetam
369 3868 449 3938 olim
469 3866 544 3939 fore
569 3893 639 3940 non
666 3870 777 3941 solum
812 3871 947 3942 Calvini
977 3880 1223 3943 assectatorem
1257 3873 1319 3944 sed

198 3987 302 4057 etiam
329 4007 578 4056 successorem.
597 3986 637 4056 In
666 4009 727 4058 suo
762 3987 879 4058 libello
903 3986 977 4058 fere
992 4009 1169 4082 nunquam
1187 3987 1230 4059 de
1245 3989 1319 4061 Deo

239 4265 249 4298 ¹
271 4261 318 4331 Cf.
338 4261 460 4329 Buisson,
478 4261 646 4330 Castellton,
663 4263 685 4333 l,
697 4262 761 4315 262.
