3124 4988
275 413 307 467 92
671 420 715 471 DE
731 419 1001 472 EPIGRAMMATIS

276 564 528 637 institutionem
538 572 740 661 persecutus
755 574 819 654 est,
833 588 873 638 ac
889 589 992 662 saepe
1007 569 1124 640 verbis
1137 592 1257 662 parum
1268 570 1399 641 hones-

276 681 352 753 tis¹.
371 682 479 753 Immo
498 682 535 752 in
556 681 688 755 duobus
709 683 971 776 epigrammatis
991 685 1160 778 quaedam
1174 687 1291 757 insunt
1307 707 1397 781 quae

278 793 336 864 vix
353 793 493 866 tolerari
508 793 674 888 possint².
700 796 752 868 De
776 795 937 868 obscenis
960 806 1088 884 autem,
1115 820 1202 892 quae
1227 819 1402 890 perpauca

277 914 371 994 sunt,
395 930 462 978 non
485 930 610 1002 operae
625 931 702 981 esse
715 908 865 1003 pretium
885 910 1000 981 dicere
1018 910 1103 980 mihi
1122 911 1272 980 videtur.

325 1025 494 1108 Quartum
510 1033 562 1096 est
576 1048 688 1119 genus
703 1026 994 1121 epigrammatum
1004 1049 1089 1121 quae
1104 1027 1148 1097 ad
1162 1027 1298 1098 litteras
1312 1049 1399 1120 per-

276 1139 387 1210 tinent
405 1163 514 1235 eaque
529 1141 682 1236 pluribus
696 1143 885 1215 virtutibus
901 1144 1006 1235 digna
1022 1151 1102 1214 sunt
1122 1143 1244 1238 quibus
1259 1144 1400 1239 aliquod

277 1254 427 1325 studium
445 1257 695 1350 impertiamus.
713 1259 792 1330 Non
810 1260 948 1354 quidem
961 1283 1002 1330 ex
1018 1261 1067 1332 eis
1083 1260 1184 1354 plane
1199 1259 1399 1352 perspicere

276 1372 357 1444 licet
375 1395 463 1468 quae
488 1373 676 1470 qualesque
695 1374 737 1446 de
758 1378 851 1468 poesi
876 1386 909 1449 et
933 1386 1009 1448 arte
1027 1375 1158 1447 fuerint
1179 1377 1290 1447 Bonae
1316 1375 1405 1467 opi-,

277 1489 410 1576 niones,
428 1499 579 1562 attamen
593 1515 657 1564 nos
673 1491 750 1562 ideo
763 1492 919 1563 alliciunt
939 1492 1029 1587 quod
1047 1494 1136 1564 Beza
1152 1502 1185 1563 et
1206 1492 1398 1563 mediocres

276 1615 395 1698 poetas
422 1607 542 1679 aetatis
566 1630 649 1678 suae
668 1607 776 1679 multo
796 1609 866 1679 sale
888 1609 1048 1679 defricuit
1067 1617 1100 1679 et
1118 1608 1204 1678 alios
1231 1607 1397 1702 quosdam

277 1722 654 1816 laudavit,praesertim
668 1747 745 1794 cum
755 1725 820 1795 hae
830 1724 1045 1796 laudationes
1057 1724 1398 1818 vituperationesque

275 1839 375 1910 nobis
397 1838 572 1911 declarent
590 1839 760 1935 quomodo
786 1850 908 1933 poetae
932 1840 1035 1934 hujus
1060 1841 1225 1935 temporis
1246 1841 1336 1911 inter
1357 1861 1397 1910 se

273 1955 456 2027 laudarent
472 1965 530 2027 ant
545 1957 799 2051 vituperarent.
820 1957 965 2029 Nullum
981 1957 1073 2028 enim
1089 1957 1228 2027 modum
1244 1956 1395 2028 adbibe-

273 2071 376 2144 bant:
395 2072 547 2167 aliquem
563 2082 664 2167 prout
677 2073 784 2144 libido
800 2081 874 2144 erat
889 2081 949 2145 aut
962 2095 1070 2167 usque
1084 2072 1128 2143 ad
1145 2073 1281 2145 caelum
1294 2097 1394 2144 sumn

273 2190 338 2259 mis
366 2188 527 2278 laudibus
558 2187 770 2260 extollebant
800 2201 859 2260 aut
887 2188 1078 2260 maledictis
1107 2188 1394 2285 contumeliisque

274 2304 476 2376 obruebant.

323 2421 422 2506 Quae
446 2429 521 2492 erat
542 2421 737 2515 aequalium
759 2422 972 2494 cousuetudo
992 2422 1181 2518 -quique
1202 2423 1279 2516 jam
1301 2422 1395 2516 apud

274 2538 433 2634 antiquos
453 2561 527 2609 mos
552 2539 726 2630 viguerat,
748 2539 838 2610 Bena
864 2541 987 2611 ceteris
1017 2539 1199 2633 praeponit
1228 2539 1295 2609 duo
1320 2541 1393 2634 epi-

274 2652 494 2746 grammata3
513 2654 637 2748 quibus
665 2653 811 2725 lectores
841 2654 1046 2750 alloquitur.
1073 2654 1193 2725 Primo
1221 2657 1395 2750 epigram-

274 2781 364 2842 mate
379 2793 436 2840 eos
451 2781 565 2842 monet
581 2779 616 2841 ut
631 2770 674 2841 do
689 2770 804 2841 libello
819 2771 989 2863 judicium
1001 2769 1131 2843 faciant
1148 2793 1217 2840 non
1228 2794 1391 2843 versuum

273 2910 419 2958 numero
435 2887 494 2957 sed
512 2886 679 2980 pondere.
695 2886 762 2958 Dat
779 2887 886 2979 igitur
902 2887 968 2958 sibi
985 2886 1206 2975 laudem‚sed
1222 2887 1391 2983 extemplo

274 3026 361 3102 quae
376 3003 461 3074 dixit
473 3011 650 3074 retractat.

320 3120 413 3192 Nam
440 3119 548 3191 altero
572 3119 820 3212 epigrammate
848 3119 976 3191 fatetur
1008 3118 1165 3190 libellum
1186 3141 1287 3190 suum
1314 3141 1390 3195 esse

273 3236 482 3308 mediocrem
499 3235 710 3330 minimeque
724 3236 869 3328 dignum
887 3236 944 3330 qui
960 3235 1111 3327 legatur.
1134 3236 1337 3328 Praeterea,
1354 3247 1390 3310 ut

271 3353 518 3423 obliviscamur
539 3351 679 3422 laudum
712 3351 836 3447 quibus
852 3351 955 3421 nimis
981 3351 1130 3444 superbe
1149 3375 1186 3424 se
1199 3352 1386 3445 extulerat,

219 3473 221 3478 ’
272 3469 374 3562 fingit
388 3492 425 3540 se
440 3469 546 3563 probe
561 3470 651 3540 sciro
664 3468 828 3539 Validum
844 3491 918 3539 eam
937 3468 1132 3561 opinionem
1148 3492 1218 3539 non
1231 3469 1389 3563 proferre

273 3586 423 3681 quidem,
438 3586 498 3657 sed
509 3583 648 3656 infixam
663 3584 777 3658 animo
790 3585 919 3656 habere
934 3592 971 3656 ut
986 3608 1164 3679 nunquam
1178 3586 1304 3680 legerit
1318 3595 1388 3659 tam

270 3702 456 3796 insipidum
467 3701 628 3794 poetaml.
645 3701 740 3786 Quae
755 3702 869 3772 omnia
878 3701 1031 3773 animum
1044 3703 1194 3774 candore
1208 3711 1242 3774 et
1256 3704 1389 3798 simpli-

307 3917 316 3951 ¹
338 3935 351 3967 o
372 3916 401 3969 ln
420 3915 558 3970 Claudium
574 3931 606 3985 »ς
624 3931 638 3965 r
653 3915 679 3967 in
695 3913 799 3967 Thaida
812 3929 921 3967 caecam
935 3919 961 3967 et
978 3912 1119 3968 Ponticum
1131 3913 1254 3967 claudum
1275 3930 1309 3984 »3
1326 3933 1340 3964 ι
1360 3915 1388 3966 in

269 3999 401 4069 quendam
414 3997 448 4049 ad
463 3995 636 4049 Posthumum
649 4013 684 4061 »ς
701 4015 714 4045 o
730 3995 757 4047 in
772 3993 946 4062 Spurinnam.
964 4013 977 4044 u

306 4078 318 4114 ²
337 4079 476 4133 Ponticas
493 4077 623 4131 Cornelio
641 4078 774 4138 deucere
786 4092 845 4129 noo
860 4075 995 4129 ducenda
1008 4082 1034 4130 et
1051 4076 1201 4130 Cornelius
1218 4076 1338 4130 Pontico
1352 4078 1388 4130 de

271 4177 360 4214 umore
373 4159 514 4214 ducenda.

306 4240 317 4275 ³
336 4241 384 4294 Ad
402 4239 559 4302 Lectoram
573 4239 754 4293 adeundam.

306 4323 318 4358 ⁴
367 4401 375 4416 ι
531 4321 574 4372 Au
588 4324 629 4374 est
642 4317 770 4373 credibile
783 4318 855 4374 hunc
865 4335 954 4373 meum
968 4317 1121 4376 libellum...
