3116 4978
645 409 691 461 Du
709 407 833 463 SYLVIS
1268 409 1297 463 ΙΙ

182 561 336 652 poterat!
355 555 450 640 Quae
461 555 655 627 Borbonius
670 555 895 628 etVulteius1
913 555 1052 627 Natalia
1068 556 1295 650 seripserunt,

180 695 250 744 non
271 681 364 745 certe
378 671 532 744 absoluta
551 681 631 744 sunt
646 681 680 744 et
691 673 864 766 perfecta3
890 673 951 743 sed
965 679 1084 743 tamen
1099 673 1250 766 puritate
1265 683 1299 744 et

178 790 376 863 sinceritate
390 811 493 886 quarn
518 789 623 882 longe
644 790 774 861 distant
801 789 844 860 ab
865 789 932 860 ista
959 789 1077 883 inepta
1101 802 1135 862 et
1154 813 1298 882 prorsus

178 906 323 980 ridicula
355 905 595 978 lucubratione
629 905 872 977 declamatoris
897 905 1093 998 cujusdam,
1109 905 1298 976 doctissimi

179 1024 331 1120 quidem,
354 1022 533 1096 sedetiam
550 1019 657 1094 multo
672 1022 786 1115 magis
801 1023 915 1093 insani
932 1031 965 1094 et
984 1020 1123 1093 insulsi!

226 1142 304 1213 Jarn
330 1139 474 1234 eSylva
494 1139 596 1212 tertia
624 1138 830 1232 intellegere
855 1139 935 1210 lieet
950 1140 1076 1211 Bezam
1096 1139 1183 1210 nihil
1204 1139 1299 1211 aliud

178 1279 331 1354 unquam
357 1255 464 1328 fuisse
492 1256 560 1327 nisi
585 1255 796 1328 mediocrem
812 1263 972 1348 poetam:
995 1280 1013 1327 e
1038 1266 1160 1351 quarta
1181 1267 1298 1327 autem

177 1373 263 1446 illud
281 1373 473 1446 certissime
488 1372 719 1445 demonstrari
739 1382 853 1468 potest
875 1382 945 1444 tam
971 1372 1177 1448 mediocrem
1193 1373 1299 1446 fuisse

178 1513 282 1586 quam
297 1491 357 1587 qui
369 1491 529 1564 maxime.
548 1489 645 1562 Haec
658 1490 778 1585 Sylva,
796 1499 834 1561 ut
847 1489 970 1564 titulus
982 1491 1057 1585 ipse
1077 1489 1245 1578 declarat,
1259 1513 1299 1562 eo

184 1608 328 1679 consilio
348 1607 566 1678 scribebatur
585 1615 624 1677 ut
643 1617 735 1680 esset
757 1631 775 1677 u
796 1606 962 1702 praelatio
986 1607 1118 1701 poetica
1132 1607 1169 1676 in
1187 1607 1300 1678 Davi-

182 1724 278 1795 dicos
299 1725 457 1796 Psalmos
482 1747 569 1820 quos
593 1723 854 1818 poenitentiales
870 1734 993 1796 vocant
1013 1749 1045 1794 a.
1068 1725 1197 1795 Narrat
1211 1725 1319 1796 Beza¹

177 1840 347 1934 quomodo
390 1840 501 1912 David
541 1839 737 1912 Bethsabes
770 1861 889 1910 amore
922 1839 1120 1933 peccaverit
1153 1861 1300 1934 eumque

179 1955 304 2050 culpae
317 1977 401 2029 suae
416 1956 626 2051 paenituerit
646 1966 680 2028 et
696 1955 940 2050 paenitentiam
962 1954 1104 2048 psalmis
1119 1954 1296 2027 cecinerit.

176 2072 288 2145 Nobis
305 2073 379 2168 jam
409 2072 561 2168 expertis
580 2071 683 2169 quale
708 2072 753 2142 sit
777 2071 888 2143 Bezae
914 2072 1093 2165 ingenium
1120 2071 1238 2142 statim
1265 2072 1301 2142 in

178 2189 332 2261 animum
356 2189 506 2262 occurrit
524 2188 649 2285 quibus
668 2189 885 2259 ornamentis
903 2209 979 2258 eam
999 2187 1178 2258 materiam
1193 2186 1299 2258 deco-

179 2327 257 2379 rare
271 2314 305 2377 et
318 2303 531 2400 amplificare
545 2303 726 2398 potuerit².

216 2507 224 2539 ¹
237 2499 397 2566 Borboniua,
412 2502 433 2567 I,
448 2498 517 2566 aa&
529 2499 574 2566 ΙΙΙ,
590 2500 641 2572 99;
656 2501 701 2567 lV,
718 2501 765 2556 20.

215 2579 429 2634 ²Mutationibus
448 2597 515 2652 quas
532 2586 625 2650 postea
644 2583 712 2636 Beca
732 2583 789 2652 ipse
807 2583 895 2637 effecit
913 2581 997 2637 multo
1018 2582 1117 2637 clarius'
1135 2582 1303 2654 apparebunt

177 2677 257 2732 quam
272 2663 371 2715 nostris
385 2660 609 2732 explicationibus
618 2669 784 2733 quantopere
793 2663 883 2718 omnia
891 2665 943 2718 iata
950 2665 1095 2719 mediocria
1105 2666 1159 2718 sint
1168 2670 1194 2719 et
1203 2666 1301 2736 inepta.

286 2769 353 2824 Alea
368 2771 453 2823 Amor
468 2769 601 2842 (daemon,
617 2786 671 2840 quo
684 2787 738 2824 non
752 2778 793 2826 est
806 2773 907 2827 certior
917 2771 987 2826 ullus

288 2850 418 2905 Mortales
428 2851 535 2922 pulchri
547 2851 616 2906 falsa
629 2853 678 2906 sub
692 2854 810 2922 imagine
822 2861 923 2908 mentes

286 2930 402 2999 Fallere,
415 2931 562 3003 letbalique
574 2933 677 2987 animos
690 2933 784 2988 afflare
798 2939 909 3004 veneno)

287 3013 391 3068 invisae
402 3030 495 3068 sacras
510 3014 621 3070 Iudaeae
635 3017 746 3077 callidus
758 3019 838 3073 urbes

284 3094 402 3149 Venerat
417 3110 424 3147 :
438 3097 532 3165 etjam
545 3103 603 3150 tum
617 3114 715 3167 magno
729 3100 865 3154 molimine
880 3117 973 3170 regem

286 3175 450 3228 Fundantem
463 3175 574 3230 intuitus
589 3177 713 3250 Solymas
728 3181 842 3235 feliciter
856 3199 943 3250 arces,

287 3254 500 3326 Progeniemque
514 3261 732 3314 memorleasaeo
751 3277 785 3314 ex
800 3263 929 3330 sanguine
948 3263 1008 3318 duci

287 3335 435 3390 Venturam
450 3337 567 3392 Satanae
580 3341 698 3406 excidio,
712 3341 879 3414 Satanaeque
898 3345 1038 3410 ministris,

284 3417 363 3472 Mene
378 3415 435 3490 (ait)
450 3418 563 3488 aprima
575 3421 621 3491 qui
635 3421 723 3475 victor
737 3423 841 3493 origine
851 3426 944 3478 mundi

286 3497 336 3551 His
350 3497 472 3551 homines
490 3499 580 3553 domui
594 3498 670 3569 telis,
685 3501 877 3576 horrendaque
887 3504 958 3560 seclo

286 3578 391 3632 Diluvia
403 3580 494 3634 invexi
510 3580 580 3650 (laus
592 3589 633 3636 est
647 3583 713 3638 haec
728 3584 832 3657 nostra)
847 3587 951 3656 priori:

284 3659 335 3714 Cui
348 3659 448 3726 Ninon,
462 3660 652 3733 ingentemque
670 3664 772 3718 incesta
792 3665 948 3720 Semiramis
962 3669 1057 3722 urbem

286 3738 417 3806 sacravit,
434 3747 540 3793 nostras
550 3744 675 3796 testantia
689 3745 794 3798 maenia
804 3746 894 3800 vires:

287 3819 335 3873 Cui
350 3820 464 3874 Sodoma
479 3836 558 3874 versa
572 3822 599 3875 in
615 3823 729 3890 cineres,
745 3827 921 3898 ambustaque
932 3827 1014 3896 longe
1038 3863 1042 3872 ·

284 3898 314 3952 In
333 3907 426 3954 tenues
443 3900 510 3954 abiit
528 3904 604 3971 regio
619 3903 706 3957 vicina
720 3905 848 3958 favillas:

285 3979 343 4044 Quo
357 3981 424 4035 duce
437 3980 511 4036 mille
525 3981 618 4036 furens
632 3985 746 4037 armavit
764 3986 878 4040 Graecia
893 4004 984 4056 naves,

286 4061 320 4113 Et
338 4077 409 4115 nunc
423 4061 505 4116 Troia
518 4079 614 4118 novem
627 4064 697 4118 iacet
709 4073 864 4136 oppugnata
873 4084 923 4138 per
933 4085 1036 4124 annos:

284 4141 335 4205 Qui
349 4142 425 4212 priua
438 4143 596 4208 indomitum
610 4142 686 4216 (quid
701 4162 755 4199 non
770 4148 834 4200 mibi
848 4149 964 4203 foemina
975 4151 1124 4224 praestatl)

286 4224 461 4292 Sampsonem
479 4225 573 4278 insano
587 4225 657 4293 fregi
671 4228 822 4280 meretricis
841 4245 949 4284 amore:

285 4304 417 4358 Iessiadae
429 4305 507 4358 unius
521 4321 575 4360 non
588 4322 666 4376 posse
683 4307 845 4378 abrumpere
860 4316 965 4381 coepta,
