3124 4988
616 427 661 478 ba
677 425 878 477 EPITAPHIIS
1272 428 1303 478 79

185 597 286 668 posse
301 582 335 646 et
349 574 491 646 excitari
513 573 671 647 credidit.
689 575 767 646 Non
782 577 873 648 enirn
887 577 1111 648 immaturam
1122 577 1306 671 Pomponii

186 701 330 762 mortem
344 691 518 784 lugemus,
540 689 624 761 dum
638 690 729 763 hanc
744 691 929 784 lugendam
953 692 1084 784 ingenii
1112 692 1306 767 ubertatem

185 806 504 878 animadvertimus,
533 849 579 862 -
604 807 675 880 Sed
693 808 799 902 longe
820 808 951 902 primas
970 807 1128 880 obtinent
1152 831 1239 903 quae
1263 812 1305 882 de

185 923 324 994 Budaeo
343 921 450 994 edidit
479 922 548 996 tria
577 923 763 1017 epitaphia,
791 946 810 995 e
838 924 964 1020 quibus
983 924 1135 1017 primum
1163 948 1303 1018 graeca,

185 1037 330 1110 alterum
350 1047 384 1109 et
410 1039 551 1112 tertium
569 1038 689 1111 ¹latina
719 1039 843 1131 lingua
873 1039 1001 1133 scripta
1030 1049 1120 1111 sunt.
1154 1042 1243 1113 Nam
1270 1043 1307 1115 in

184 1185 310 1256 graeco
338 1163 516 1235 Budaeum
537 1172 618 1235 ante
634 1163 834 1256 Apollinem
845 1163 958 1258 ipsum
978 1164 1163 1257 collocat¹;
1190 1167 1304 1239 elati-

185 1283 239 1352 nis
255 1305 350 1368 vere,
369 1304 474 1352 unum
490 1282 572 1352 satis
589 1290 641 1350 est
662 1302 771 1374 grave
789 1291 824 1352 et
839 1281 1000 1373 simplas,
1023 1283 1182 1377 quamvis
1199 1306 1307 1378 quae·

185 1399 262 1469 dam
282 1394 569 1492 reprehendenda
589 1396 693 1466 etiam
713 1396 750 1466 in
771 1395 829 1467 illo
850 1396 1087 1489 inveniantur,
1121 1399 1236 1495 qualia
1267 1424 1307 1473 ea

187 1523 266 1586 sunt
291 1537 299 1582 :

345 1684 434 1744 Gaelo
449 1685 592 1754 animum,
607 1690 710 1743 terrae
727 1702 836 1761 corpus
847 1687 973 1746 donavit
989 1687 1179 1747 habendum:

386 1778 428 1832 At
447 1773 565 1833 cerebri
581 1773 667 1832 nobis
677 1773 759 1833 dona
775 1775 904 1850 superba
919 1775 1013 1838 dedit.

347 1863 399 1922 Sic
410 1864 537 1924 decessit
551 1863 648 1939 inops,
661 1880 731 1921 nam
742 1862 785 1921 nil
800 1863 859 1922 sibi
873 1863 1006 1940 liquerat
1021 1865 1095 1942 ipse.

235 2018 335 2090 Hanc
350 2020 442 2090 enim
462 2018 717 2090 distinctionem
735 2038 777 2089 ac
795 2015 1000 2087 divisionem
1023 2023 1056 2087 et
1086 2014 1248 2086 subtilem
1274 2023 1308 2084 et

186 2135 482 2228 elegantissimam
507 2157 646 2206 necesse
667 2141 721 2204 est
744 2155 864 2204 omnes
879 2129 1078 2204 fateantur!
1103 2121 1173 2203 Sed
1193 2129 1308 2202 omnia

185 2253 252 2324 1616
267 2251 367 2323 nobis
383 2252 492 2324 mirae
510 2249 742 2345 simplicitatis
766 2247 976 2321 videbuntur
991 2271 1082 2337 6666,
1106 2247 1136 2320 61
1156 2247 1305 2321 alterurn
1340 2323 1342 2330 s

186 2368 398 2463 epitaphium
412 2379 494 2440 ante
512 2367 633 2439 oculos
649 2367 876 2439 babuerimus
894 2390 902 2436 :

385 2541 544 2600 Budaeum
558 2541 672 2600 flevere
685 2541 832 2609 homines,
849 2539 982 2617 ploravit
997 2545 1027 2598 61
1042 2555 1105 2610 661,

424 2631 567 2690 Budaeus
580 2630 690 2706 gelidis
700 2636 746 2690 est
761 2648 878 2706 quoque
892 2629 982 2688 fietus
998 2628 1084 2704 aquis
1098 2647 1105 2686 :

388 2719 438 2780 Sic
450 2719 562 2779 flevere
576 2720 725 2790 homines,
736 2725 769 2778 ut
783 2719 870 2796 plena
884 2715 1171 2778 voluminamaestis

428 2809 619 2869 Carminibus
634 2808 734 2885 quivis
748 2808 921 2890 Bibliopola
935 2814 1025 2868 terat.

385 2899 437 2959 Sic
451 2899 609 2972 66111111,
626 2899 812 2974 consumptis
826 2897 957 2973 undique
974 2897 1096 2970 nimbis,

425 2991 466 3048 Ut
475 2994 542 3068 jam
556 3007 629 3067 quas
651 2989 771 3066 plueret
783 3006 842 3046 non
857 2988 1007 3064 reperiret
1022 3005 1127 3064 aquas.

385 3079 526 3138 Flumina
542 3080 585 3138 616
597 3075 719 3153 fierunt,
736 3084 770 3138 ut
784 3096 841 3153 quo
852 3079 938 3137 modo
956 3078 1042 3137 navis
1058 3076 1170 3149 abibat,

426 3168 537 3229 Currat
547 3168 699 3228 inoffensis
715 3165 794 3228 61666
810 3167 959 3245 quadriga
974 3167 1062 3227 rotis.

385 3259 553 3318 Restabant
567 3259 683 3319 caelum
698 3263 728 3316 et
743 3258 845 3330 tellus,
863 3258 1028 3316 communis
1044 3263 1077 3316 ut
1091 3256 1174 3315 omni

427 3349 587 3418 Quanlibet
599 3349 746 3407 immenso
767 3363 886 3405 maeror
900 3347 932 3404 in
946 3347 1019 3404 orbe
1032 3345 1121 3419 foret,

394 3439 454 3499 Sed
470 3457 561 3514 quum
577 3435 691 3495 caelum
712 3436 842 3494 animam
856 3435 985 3508 Budaei‚
997 3442 1077 3494 16116
1098 3435 1228 3494 cadaver

400 3541 401 3544 ’
428 3527 594 3593 Possideat,
612 3541 736 3600 quaeso,
755 3541 813 3598 qna
828 3522 1063 3583 ralionefleantt

235 3672 330 3744 Num
348 3669 512 3742 credibile
541 3678 593 3740 661
621 3688 827 3763 quemquam
853 3690 894 3738 eo
918 3667 1084 3740 stultitiae
1102 3678 1137 3740 et
1156 3669 1307 3762 ineptiae

186 3810 338 3883 unquam
349 3810 424 3858 esse
440 3789 687 3881 progressum?

224 4007 364 4061 ¹l⁴laedem
382 4008 480 4062 nimiae
499 4015 526 4062 et
550 4005 679 4061 ridiculae
701 4006 796 4061 laudes
818 4005 990 4062 inveniuntur
1004 4006 1040 4059 in¹
1051 4005 1188 4076 epitaphio
1204 4005 1307 4058 Ecbani

185 4087 263 4141 Hessi
291 4106 304 4138 6
315 4095 407 4156 poetae
420 4089 526 4157 egregii
542 4109 567 4140 n.
590 4089 627 4140 De
648 4089 754 4141 Eobano
770 4087 864 4152 Heme,
880 4089 920 4154 cf.
937 4084 1044 4150 baillet,
1074 4087 1227 4154 Jupemens
1260 4085 1307 4138 oles

187 4168 316 4232 Scanatus
331 4185 384 4221 sur
402 4167 441 4221 les
452 4170 631 4236 principatur
647 4183 787 4236 ouvrages
809 4167 857 4220 dea
881 4165 1047 4230 Autbeurc,·
1061 4166 1100 4220 M.
1112 4163 1307 4227 Wolmarium‚

186 4249 221 4301 de
235 4247 299 4301 Vita
308 4249 470 4317 philosoph.
487 4247 716 4311 Germanorum
732 4249 884 4315 Erasmum‚
895 4247 986 4315 Epist.
1003 4246 1041 4298 ad
1058 4247 1228 4299 Mucianum
1244 4245 1307 4298 Ru-

187 4329 270 4396 surm
279 4335 307 4383 et
320 4329 446 4402 36161611,
456 4328 604 4383 seduction
621 4328 784 4394 Castettion,
798 4327 819 4391 l,
834 4325 898 4392 aet,
909 4325 974 4392 267,
993 4323 1058 4381 288.
