3124 4988
243 373 275 424 'il
675 375 722 428 Db}
736 377 936 430 EPITAPHIIS

245 519 413 618 Delphini
432 520 607 616 epitaphio
634 521 700 594 dici
724 531 878 617 possunt.
910 525 950 596 In
976 524 1098 619 primis
1113 523 1270 596 versibus
1285 523 1359 619 ple-

245 637 343 710 niore
357 647 392 710 et
403 635 478 711 iere
488 660 572 710 vero
586 636 760 712 desider-io
777 650 969 712 commotus
985 640 1076 714 Beza
1088 639 1195 712 luisse
1209 640 1363 714 videtur:

324 799 415 860 Hunc
429 799 521 860 etiam
534 803 675 878 juvenem
687 800 882 875 exstinctum,
894 818 980 878 rogo,
1003 819 1104 875 cerne,
1119 801 1232 873 viator,

363 887 421 946 Hei
433 887 519 958 mihi,
534 905 589 948 cur
599 888 706 947 vivum
720 887 822 948 dicere
835 887 896 948 fata
909 896 1015 950 vetant
1028 892 1044 952 t

324 975 382 1036 Hic
400 981 459 1049 est,
475 995 533 1054 quo
554 977 611 1038 niti
624 995 751 1054 regnum
766 978 892 1038 debebat
906 969 1054 1053 avitum*—

368 1067 445 1144 Spes
456 1066 569 1143 patriae
584 1083 691 1144 nuper,
707 1084 775 1143 spes
790 1084 908 1144 qnoque
920 1068 1018 1145 prima
1038 1068 1144 1144 patris,

327 1155 390 1216 Pro
407 1156 516 1232 quibus
531 1156 700 1234 intrepidus
710 1156 819 1216 sortem
837 1157 907 1216 dum
921 1157 1021 1217 fertur
1033 1157 1064 1216 in
1074 1159 1204 1230 hostem,

366 1247 437 1324 Ipse
452 1245 538 1306 illum
552 1247 676 1308 Mavors
691 1247 770 1307 vidit
781 1252 811 1305 et
822 1247 987 1325 obstupuit.

293 1389 363 1462 Sed
381 1391 419 1462 in
442 1391 596 1464 clausula
610 1391 777 1487 epitaphii
797 1391 971 1463 subtilitas
990 1393 1103 1465 Beaae
1116 1394 1207 1466 inest
1221 1401 1257 1466 et
1275 1415 1367 1466 acu-

245 1529 338 1580 men.
361 1507 442 1580 Non
465 1509 557 1579 enim
572 1531 713 1581 carmen
736 1510 849 1603 gloria
873 1508 1037 1602 Delphini
1062 1510 1207 1605 dignum
1226 1509 1363 1606 fuisset,

245 1623 313 1694 nisi
325 1622 537 1716 Delphinum
548 1633 647 1719 poeta
667 1648 745 1696 cum
762 1625 878 1721 aliquo
898 1649 939 1696 ex
954 1626 1107 1721 antiquis
1129 1628 1364 1721 praestantis-

248 1738 344 1810 simis
371 1739 456 1811 viris
481 1743 765 1836 comparavisset.
797 1742 914 1837 ltaque
952 1742 1048 1835 regis
1076 1741 1255 1814 Gallorum
1273 1743 1368 1816 filius

247 1875 324 1926 cum
343 1852 540 1929 Alexandro
554 1856 748 1929 confertur:

326 2013 427 2073 Macte
438 2019 537 2074 tamen
553 2015 721 2091 Princeps:
738 2031 807 2073 nam
822 2020 851 2074 te
867 2032 949 2074 mors
964 2015 1027 2091 ipsa
1040 2013 1152 2074 fatetur

364 2102 435 2162 Non
447 2103 538 2164 aliter
549 2104 630 2163 vinci
646 2121 736 2180 quam
752 2103 885 2180 potuisse
899 2103 978 2162 dolo.

327 2192 442 2269 Nempe
451 2200 517 2252 erat
531 2194 589 2252 hoc
602 2192 766 2269 reliquum,
779 2192 894 2252 Pellaei
912 2196 946 2251 ut
960 2191 1105 2270 principis
1118 2202 1185 2255 acta

363 2287 529 2364 AEquares,
545 2282 639 2342 simili
651 2288 681 2341 te
693 2300 811 2358 quoque
826 2279 934 2341 fraude
954 2282 1042 2342 mori.

293 2432 447 2504 Necesse
475 2437 550 2499 erat
577 2425 814 2499 misericordia
833 2448 919 2522 quae
933 2427 1007 2522 jam
1027 2449 1068 2498 ex
1083 2427 1247 2521 epitaphii
1266 2428 1365 2522 prin-

247 2547 338 2642 cipio
357 2553 475 2616 exorta
490 2553 564 2615 erat
583 2552 820 2615 evanesceret.
842 2543 911 2615 Sed
922 2565 1062 2614 carmen
1079 2565 1180 2614 suum
1200 2543 1289 2615 Beza
1304 2543 1366 2616 illa

246 2660 499 2758 comparatione
512 2660 654 2754 gravius
666 2670 698 2730 et
709 2658 883 2753 insignius
898 2658 1052 2732 futurum
1066 2681 1142 2731 esse
1153 2659 1362 2750 confidebat,

246 2780 374 2852 nedum
394 2777 479 2848 illud
500 2776 675 2872 inquinari
690 2787 725 2849 et
746 2776 917 2847 debilitari
933 2798 1036 2870 posse
1051 2776 1262 2871 opinaretur.

294 2895 333 2968 ld
346 2904 461 2967 tamen
479 2916 548 2964 non
568 2900 620 2964 est
636 2892 863 2965 asserendum
880 2901 1016 2986 poetam
1032 2914 1074 2962 ex
1095 2914 1156 2964 sua
1170 2892 1365 2982 eruditione

242 3023 343 3108 atque
363 3009 519 3081 doctrina
536 3007 693 3080 infelices
709 3007 842 3079 tructus
858 3031 993 3100 semper
1013 3008 1156 3103 cepisse.
1176 3009 1258 3081 Non
1271 3009 1363 3080 enim

242 3129 331 3201 hanc
345 3125 581 3199 laudationem
594 3123 772 3196 Francisci
788 3125 802 3194 l
820 3125 1028 3218 scripsisset,
1046 3125 1076 3194 si
1092 3123 1225 3196 minore
1236 3125 1363 3198 ardore

243 3254 277 3317 et
297 3243 411 3314 studio
429 3242 651 3335 antiquarum
674 3240 870 3311 litterarum
889 3238 1010 3311 fuisset
1025 3240 1271 3312 inflammatus.
1295 3241 1364 3314 Sed

242 3361 345 3432 homo
360 3360 624 3429 omni'veterum
647 3355 827 3450 disciplina
841 3356 1020 3428 institutus
1047 3367 1081 3428 et
1101 3356 1200 3451 quasi
1213 3357 1365 3430 imbutus

241 3500 310 3547 non
339 3483 472 3569 poterat
501 3496 569 3544 non
588 3474 798 3566 epitaphium
818 3482 852 3543 et
879 3472 1101 3565 magnificum
1126 3481 1159 3544 et
1189 3473 1363 3544 sincerum

244 3594 347 3665 edero
371 3592 466 3662 illius
497 3591 592 3683 regis
614 3591 671 3684 qui
698 3589 866 3660 bonarum
891 3588 1086 3660 litterarum
1109 3599 1260 3660 assertor
1286 3591 1364 3660 vin-

162 3713 165 3720 “
242 3710 376 3803 (lexque
397 3705 531 3778 fuisset.
562 3703 722 3776 Profecto
751 3704 919 3800 quaedam
944 3704 1062 3775 insunt
1086 3705 1123 3774 in
1148 3728 1188 3776 eo
1210 3706 1363 3778 carmine

242 3847 331 3921 quae
345 3823 461 3896 delere
475 3821 598 3912 velles,
619 3820 732 3916 qualia
746 3845 786 3894 ea
801 3830 881 3892 sunt
899 3847 906 3893 :

323 3987 405 4060 Ergo
419 3999 490 4042 suos
510 3998 636 4040 cernens
649 3997 743 4039 vanos
758 3983 893 4041 Fortuna
906 3982 1037 4056 labores,

364 4075 403 4133 Et
415 4071 520 4131 irritos
533 4089 636 4131 omnes
652 4070 747 4144 dolos,

325 4161 481 4224 Auxilium
495 4161 591 4238 poscit
604 4159 731 4237 supplex
745 4179 762 4220 a
776 4169 887 4220 morte:
904 4164 1022 4238 roganti

363 4253 447 4312 Mors
461 4257 548 4328 paret
561 4250 607 4310 illi
622 4250 770 4328 protinus.
