3116 4978
550 1018 665 1092 PARS
695 1015 904 1090 SECUNDA

623 1259 674 1318 ῠΕ
694 1257 831 1320 SYLViS

208 1578 304 1662 Quae
323 1578 359 1648 in
380 1576 573 1649 scribendis
588 1578 747 1650 versibus
766 1577 898 1651 fuerint
915 1581 1026 1651 Bezae
1045 1580 1205 1667 virtutes,
1228 1578 1285 1648 vel

157 1691 271 1784 potius
285 1716 373 1788 quae
387 1694 469 1765 vitia
481 1695 553 1788 jam
570 1717 589 1766 e
609 1702 756 1791 quatuor
772 1697 846 1789 ejus
862 1697 971 1790 sylvis
986 1696 1164 1790 praeclare
1179 1692 1279 1766 illus-

157 1809 246 1880 trari
262 1819 387 1904 potest.
413 1812 451 1882 ln
474 1810 587 1905 prima
612 1811 704 1882 enim
727 1819 761 1882 et
782 1813 820 1882 in
840 1813 1005 1898 secunda,
1029 1813 1127 1906 quasi
1144 1811 1281 1882 innisus

156 1924 235 1996 Tito
250 1926 347 1998 Livio
364 1937 397 1998 et
411 1927 600 1999 Plutarcho
611 1937 643 1998 et
655 1927 796 1999 Valerio
806 1928 974 2020 Maximo,
987 1929 1120 2022 poetice
1134 1926 1282 2021 amplifi-

156 2052 210 2114 cat
224 2067 311 2138 quae
324 2044 450 2117 abillis
464 2054 638 2123 mutuatus
654 2053 725 2136 est,
742 2047 780 2115 in
795 2045 897 2117 tertia
913 2054 1028 2117 autem
1044 2055 1077 2116 et
1089 2046 1126 2116 in
1141 2053 1277 2140 quarta,

154 2158 1035 2255 lingnulatinasententiaschristianasexplicat,ita
1048 2173 1084 2233 ut
1096 2162 1212 2256 inillis
1225 2184 1281 2232 res

153 2283 187 2346 et
202 2277 319 2365 verba,
336 2278 374 2348 in
388 2277 442 2349 his
455 2301 520 2350 non
539 2301 595 2350 res
611 2278 762 2374 quidem,
780 2278 841 2348 sed
855 2277 962 2348 verba
977 2288 1092 2349 tamen
1115 2277 1280 2372 antiquo-

153 2415 231 2465 rum
259 2393 340 2464 sint.
371 2395 482 2486 Igitur
506 2395 579 2465 sive
608 2417 628 2466 a
654 2393 830 2466 veteribus
860 2394 971 2465 solnm
998 2394 1083 2488 petit
1106 2392 1277 2488 quomodo

132 2571 135 2576 .
152 2507 306 2582 dicturus
322 2508 380 2598 sit,
397 2509 516 2582 siveet
531 2510 700 2606 quomodo
715 2510 865 2582 simulet
880 2532 982 2606 qnae,
999 2508 1101 2580 facile
1116 2518 1169 2580 est
1185 2532 1277 2580 com·
1347 2533 1351 2540 ·

150 2635 288 2721 partum
302 2625 430 2698 habere
444 2627 570 2698 Beaam
590 2651 657 2698 non
680 2627 777 2698 aliud
793 2649 869 2698 esse
885 2625 1152 2698 existimandum
1171 2649 1274 2721 qnam

150 2741 356 2836 discipulum
376 2752 409 2814 et
430 2745 590 2836 tironem,
610 2742 813 2836 diligentem
833 2744 985 2838 quidem,
1008 2741 1075 2830 vel,
1094 2742 1123 2812 si
1142 2742 1276 2813 malue-

148 2858 210 2947 ris,
228 2859 545 2954 diligentissimum,
567 2860 627 2929 scd
643 2859 848 2952 discipulum
865 2870 982 2930 tamen
997 2871 1029 2931 et
1046 2859 1195 2930 tironem
1211 2859 1271 2954 qui

149 2998 218 3046 non
231 2977 418 3068 procedere
441 2975 568 3047 audeat
586 2975 652 3046 nisi
668 2975 780 3046 alieno
794 2971 902 3046 fultus
917 2976 1044 3047 auxilio
1061 2998 1270 3069 semperque

146 3089 302 3165 imitetur
321 3093 425 3164 etiam
444 3115 523 3163 cum
550 3115 592 3162 ex
616 3113 652 3161 se
674 3092 749 3185 ipso
772 3090 930 3162 videatur
956 3113 1158 3188 expromere
1185 3113 1273 3185 quae

148 3210 306 3304 explicet.

196 3323 356 3418 Eprima
388 3322 489 3418 sylva
517 3331 682 3417 quantum
711 3345 731 3394 a
760 3323 896 3394 sincero
925 3332 958 3394 et
976 3323 1078 3416 gravi
1102 3324 1271 3418 scriptore

146 3440 248 3512 distet
273 3439 423 3532 frigidus
445 3437 656 3510 declamator
669 3438 875 3532 intellegere
891 3439 1040 3509 dilucide
1055 3438 1148 3510 licet.
1172 3440 1271 3511 Nihil

145 3557 236 3628 enim
263 3556 464 3627 dissimilius
490 3577 567 3626 esse
600 3556 700 3626 Livio
743 3577 845 3650 quam
871 3555 998 3626 Boram
1036 3554 1267 3647 judicaveris,

146 3674 220 3744 sive
247 3673 291 3744 ad
320 3672 545 3767 propositum,
574 3671 648 3744 sive
677 3671 721 3742 ad
752 3694 869 3742 rernm
890 3669 1162 3764 dispositionem,
1194 3672 1267 3743 sive

145 3791 189 3860 ad
209 3812 319 3883 genus
338 3789 474 3860 dicendi
498 3787 653 3858 animum
677 3787 882 3859 adverteris.
906 3787 1026 3858 Livius
1052 3787 1266 3880 propositum

144 3906 265 3977 habuit
290 3927 363 3976 rem
389 3904 541 3976 omnium
574 3903 789 3974 saeculorum
832 3902 1053 3974 veneratione
1091 3903 1265 3996 dignissi-

143 4045 234 4095 mam
257 4023 306 4094 sic
343 4044 486 4093 narrare
518 4029 567 4101 ut,
600 4021 723 4114 quibus
756 4021 831 4112 ipse
858 4017 1038 4090 affectibus
1071 4029 1263 4092 commotus

142 4148 245 4228 esset,
265 4139 388 4210 iisdem
407 4138 466 4209 alii
488 4143 789 4209 commoverentur
805 4157 1043 4230 summamque
1061 4134 1262 4207 admiratio-

140 4281 220 4330 nem
244 4279 320 4328 cnm
339 4251 527 4328 lectoribus
549 4253 822 4326 communicaret
841 4275 910 4322 non
936 4251 1046 4324 solum
1072 4251 1182 4342 Decii,
1201 4253 1262 4324 sed
