3116 4978
603 351 605 358 ¹
637 393 684 447 nn
700 393 823 448 sunvrs
1273 395 1306 447 aa

179 539 324 637 profana
337 564 417 614 cum
432 540 552 633 sacris,
572 538 713 636 antiqua
727 562 804 611 cum
816 539 1072 614 recentioribus
1089 540 1302 628 miscuerint,

180 658 266 730 miro
285 657 435 730 candore
464 657 612 752 quodam
641 666 674 729 et
702 656 900 742 securitate,
924 680 1036 753 neque
1060 656 1306 750 intellegerent

180 783 393 870 quantopere
409 773 495 846 baec
510 773 691 868 permixtio
703 771 855 854 ¹ridicula
874 782 964 847 esset
980 783 1013 845 et
1029 773 1147 866 inepta
1160 773 1187 845 ¹.

227 889 261 968 A
276 888 397 986 primis
415 889 531 963 statim
548 888 707 961 versibus
728 911 869 961 necesse
882 895 935 960 est
954 889 993 959 in
1004 899 1182 982 stuporem
1193 890 1303 962 maxi·

179 1030 272 1080 mum
287 1004 493 1079 incidamus
516 1004 653 1079 Etenim
675 1029 757 1076 num
787 1004 877 1076 illud
895 1004 973 1076 fieri
994 1015 1106 1099 potest
1119 1047 1166 1061 —
1183 1007 1304 1079 nobis-

178 1146 254 1198 cum
272 1125 321 1194 sic
336 1123 430 1195 enim
445 1123 639 1215 cogitamus
653 1163 701 1174 -
716 1128 866 1216 poetam,
893 1122 953 1216 qui
969 1129 1043 1192 tum
1065 1131 1142 1194 erat
1159 1132 1255 1195 certa
1271 1132 1305 1197 et

177 1240 316 1312 sincera
341 1238 410 1310 fide
443 1237 664 1328 christianuS,
690 1237 851 1332 quamvis
880 1236 1052 1309 illecebris
1075 1239 1205 1310 saeculi
1227 1241 1302 1334 jam

179 1355 324 1428 nimium
338 1365 461 1449 captus
472 1362 576 1444 esset,
589 1377 667 1425 cum
677 1354 863 1449 puritatem
874 1375 915 1426 ac
926 1353 1119 1426 castitatem
1130 1355 1303 1448 insignem

176 1483 212 1546 et
254 1471 406 1543 divinam
454 1469 692 1543 celebraturus
729 1469 786 1560 sit,
833 1470 1069 1543 licentioribus
1100 1471 1157 1544 vel
1198 1473 1304 1543 etiam

106 1683 108 1690 y
176 1588 334 1662 obscenis
357 1586 474 1660 verbis
499 1595 531 1659 et
551 1587 868 1682 comparationibus
889 1587 938 1658 uti
959 1586 1072 1681 qualia
1092 1587 1300 1664 haecsunt:

257 1775 386 1845 Noctem
400 1774 478 1835 alius
491 1774 593 1836 laudet
607 1777 718 1835 misero
731 1793 809 1853 quae
823 1793 932 1835 munus
947 1774 1062 1836 amanti

259 1863 402 1941 Optatam
423 1864 560 1924 attulerit
573 1864 752 1942 facilemque
766 1865 803 1924 ad
817 1869 888 1924 vota
901 1863 1033 1942 puellam

256 1955 450 2025 Praebuerit,
465 1955 578 2015 veteris
593 1955 739 2015 foecunda
753 1954 892 2015 incendia
909 1954 1059 2024 flammae,

259 2043 442 2121 Caeteraque
457 2045 594 2104 obscenis
608 2045 680 2104 olim
700 2050 819 2104 cantata
833 2045 939 2121 poetis.

256 2136 295 2192 At
307 2152 361 2193 vos
375 2152 446 2212 pars
462 2134 600 2210 equidem
615 2133 691 2194 caeli
705 2153 764 2194 non
780 2133 883 2193 infima
899 2139 997 2206 natea,

256 2225 322 2285 Nec
332 2224 469 2283 divinum
484 2224 617 2283 animum
636 2224 673 2283 ad
688 2230 793 2300 turpes
809 2224 978 2284 convertite
992 2241 1082 2284 curas

255 2314 320 2374 Nec
342 2312 474 2373 calamos
488 2314 561 2374 adeo
576 2313 683 2373 infami
702 2320 841 2374 exercete
854 2313 989 2376 labore&

225 2487 426 2579 Praeterea,
448 2488 657 2584 quodetiam
676 2489 822 2583 gravius
846 2497 898 2560 est
925 2497 959 2561 et
979 2487 1154 2579 vitiosius,
1172 2487 1301 2560 iterum

176 2613 277 2700 atque
297 2605 425 2678 iterum
445 2603 581 2700 culpam
609 2603 855 2698 redintegrat:

498 2793 613 2852 Procul
628 2811 684 2870 ego
699 2793 813 2865 Venus,
829 2793 935 2870 procul
950 2798 1013 2853 este
1031 2789 1151 2852 scelesti

258 2900 387 2961 Delitiae
400 2901 499 2978 pueri.
511 2899 612 2962 Castis
631 2907 664 2960 tu
679 2907 761 2962 casta
776 2901 931 2962 Gamaeuis

256 2991 407 3061 Materies,
423 3008 441 3049 o
456 2991 539 3063 Nox,
556 2997 686 3052 esto.....

175 3160 343 3232 Fatemur
377 3160 549 3256 equidem,
586 3160 630 3232 ad
661 3161 836 3233 Venerem
861 3160 950 3232 redit
965 3169 1002 3232 ut
1028 3161 1178 3233 Veneris
1198 3184 1299 3234 curas

176 3275 348 3370 vituperet
370 3283 474 3371 atque
488 3274 639 3369 rejiciat3
654 3274 715 3346 sed
732 3273 808 3370 quis
828 3297 897 3345 non
914 3275 1009 3347 videt
1024 3274 1138 3347 omnia
1155 3274 1216 3348 illa
1229 3300 1298 3347 non

176 3391 288 3488 magis
307 3392 399 3462 inter
420 3413 457 3463 se
472 3389 660 3462 convenire
679 3413 782 3487 quam
800 3390 830 3462 si
848 3398 1028 3486 serpentes
1045 3391 1167 3463 avibus
1180 3392 1297 3484 gemi-

211 3615 280 3684 ¹Cf.
296 3615 442 3688 Sannnznr,
462 3615 502 3670 De
519 3625 610 3686 partu
635 3617 775 3686 Virpinis.
790 3647 826 3660 ·-
842 3619 881 3672 De
896 3619 1026 3690 stupenda
1043 3617 1091 3672 illa
1104 3618 1294 3689 permixtione,

173 3697 213 3766 cf.
225 3695 347 3764 Bnisson,
363 3697 527 3761 Casteltion,
545 3696 623 3762 1‚52.

206 3771 426 3830 ⁸Posterior-ibus
439 3779 468 3830 in
481 3776 641 3831 editionibus
657 3777 696 3832 sic
712 3783 842 3831 mutatum
856 3784 897 3834 est
912 3779 962 3834 hoc
975 3779 1081 3832 initium
1098 3795 1104 3833 :

315 3881 468 3939 Obscaenas
481 3883 550 3939 alius
565 3891 658 3940 noctes
671 3891 820 3955 turpesque
835 3888 960 3941 tenebras

317 3965 411 4018 lniami
426 3964 544 4020 celebret
558 3972 669 4035 captans
683 3982 717 4020 ex
733 3967 847 4021 crimine
861 3983 958 4022 nomen
972 3984 979 4023 :

318 4046 354 4099 At
366 4051 396 4098 tu
410 4052 483 4099 casta
497 4045 565 4108 meis
575 4047 666 4118 potius
675 4055 782 4101 sacrata
795 4049 928 4102 camoenis

317 4126 455 4191 Materies,
471 4143 563 4195 onos,
576 4133 644 4193 esto,
661 4144 713 4198 qua
731 4128 845 4197 virginis
857 4129 920 4184 olim

319 4206 417 4261 Clausa
436 4206 499 4262 lieet
512 4223 590 4262 sacro
608 4215 752 4278 patuerunt
766 4210 870 4264 viscera
881 4217 970 4281 partu,

322 4287 433 4343 Viscera
453 4304 521 4358 quae
534 4287 602 4344 caeli
615 4296 856 4360 tempestatumque
868 4297 1049 4360 potentem...
