3116 4978
420 397 465 450 1111
481 397 660 450 renonent
676 398 787 452 anau
803 399 1068 453 Anunusttnnrtn
1268 400 1301 452 211

183 545 379 618 3311131133
393 567 538 617 muse...
557 546 601 617 Et
616 547 706 618 ainsi
724 547 750 616 il
766 557 819 619 est
834 545 957 618 visible
978 546 1083 643 qu’on
1103 547 1160 618 n'a
1180 567 1243 641 pas
1257 545 1301 616 de

183 663 298 734 raison
322 662 366 734 de
380 663 429 733 lui
445 664 633 756 reprocher
646 687 715 734 unc
731 661 823 736 faute
841 664 922 759 qu'il
941 687 961 736 a
982 665 1012 735 si
1032 664 1303 757 glorieusemeut

183 784 339 874 repares,
362 780 405 852 de
430 783 541 851 meme
565 803 632 875 que
655 779 726 851 133
748 805 792 867 33
816 791 897 874 peut
921 783 1018 876 point
1043 803 1124 852 sans
1143 781 1304 873 injustice

181 897 298 992 priver
326 896 362 966 S‘
385 895 564 988 Augustin
593 897 635 968 de
664 897 698 968 13
732 899 844 990 gleire
868 922 934 992 que
968 921 1031 968 son
1059 898 1176 969 saveir
1199 906 1233 968 et
1266 918 1304 968 sa

181 1015 273 1108 pie'te
287 1012 336 1084 lui
355 1022 416 1084 ont
439 1013 595 1102 meritee,
619 1037 700 1084 sous
722 1019 879 1108 pretexte
893 1015 975 1106 qu'il
998 1018 1133 1109 apasse
1148 1015 1198 1085 les
1219 999 1304 1106 irre—
1349 1027 1353 1046 ‘

184 1129 310 1200 mieres
341 1132 470 1200 anne'es
491 1128 534 1198 de
553 1151 592 1201 33
619 1129 675 1200 313
696 1131 783 1201 dans
803 1131 835 1202 13
862 1131 1076 1224 libertinage
1096 1139 1130 1202 et
1152 1131 1240 1201 dans
1270 1129 1304 1202 13

182 1245 370 1319 de'bauche.
389 1270 407 1317 u

233 1361 382 1434 Difficile
409 1360 495 1432 milri
528 1362 666 1434 videtur
692 1365 728 1435 in
757 1365 822 1435 hoc
852 1363 1065 1457 gravissimo
1092 1372 1300 1456 argumento

184 1482 350 1574 maj0rem
377 1492 554 1574 praestare
578 1484 752 1578 justitiam
781 1493 882 1576 atque
912 1481 1145 1577 prudentiam.
1178 1480 1304 1551 Nonne

183 1598 275 1667 enim
291 1599 377 1670 satis
399 1611 542 1695 apparet
567 1599 757 1674 Candidum
778 1599 886 1670 fuisse
912 1601 1024 1671 Bezae
1040 1599 1132 1693 quod
1155 1607 1189 1668 et
1210 1599 1303 1668 Bor-

187 1713 285 1784 bonio
309 1714 461 1786 Rubella
483 1727 588 1788 —ut
611 1717 775 1811 aequales
797 1715 1035 1788 tantummodo
1063 1714 1238 1808 proferam
1257 1753 1305 1768 -

183 1837 217 1900 et
231 1830 368 1902 Mureto
383 1832 506 1922 Paula,
516 1833 643 1922 Gallia,
658 1833 809 1926 Phyllis,
823 1833 1001 1925 Margaris
1016 1830 1178 1903 lueruntt
1190 1831 1305 1914 Quare

184 1967 269 2038 quae
289 1947 331 2017 de
347 1946 522 2019 Borbouio
535 1949 673 2042 scripsit
696 1951 752 2019 vir
777 1949 995 2020 doctissimus
1005 1948 1028 2036 ¹,
1044 1970 1085 2019 ea
1104 1947 1254 2019 libenter
1268 1948 1304 2017 in

182 2083 260 2132 mea
279 2061 468 2134 tranferam
492 2066 610 2160 sicque
624 2066 710 2136 mihi
731 2066 936 2137 concludere
958 2066 1070 2159 placet
1088 2087 1095 2133 :
1116 2089 1135 2134 «
1157 2063 1304 2136 Inclinat

183 2177 319 2248 animus
329 2186 367 2249 ut
378 2180 573 2252 existimem
589 2182 850 2255 Beeomarnori
865 2182 1031 2254 duntaxat
1044 2182 1175 2276 poetico
1190 2180 1306 2251 indul-

183 2293 282 2364 sisse.
308 2294 398 2379 0331
420 2297 512 2367 enim
539 2297 730 2369 doctissimi
757 2300 835 2386 viri,
870 2298 1119 2370 sextodecimo
1149 2296 1300 2385 saeculo,

183 2409 308 2482 1311333
332 2411 503 2504 elegiacos
530 2415 657 2486 imitati
683 2415 874 2510 secutique,
896 2415 1080 2486 lasciviore
1095 2437 1193 2486 musa
1210 2413 1306 2484 fictos

183 2525 445 2601 celebraverunt
463 2551 601 2602 amores
617 2553 682 2603 nec
696 2531 823 2602 idcirco
836 2533 953 2602 minus
966 2551 1095 2624 graves
1113 2539 1147 2602 31
1161 2530 1305 2622 sapien-

184 2649 234 2712 tes
251 2644 343 2735 apud
358 2646 522 2740 aequales
535 2647 644 2719 habiti
664 2651 760 2718 sunt!
785 2647 874 2720 lllud
896 2647 972 2718 fieri
993 2655 1106 2741 potest
1131 2647 1302 2732 3111333,

184 2759 243 2852 qui
266 2759 439 2832 Catullum
455 2764 578 2836 diurna
598 2775 836 2858 nocturnaque
855 2787 960 2836 manu
980 2773 1200 2848 versaverat3
1216 2764 1303 2834 Les·

184 2873 273 2946 biam
293 2876 440 2949 33133311
457 2880 584 2952 habere
600 2905 696 2952 suam
712 2893 746 2952 et
766 2883 939 2977 quandam
958 2881 1023 2953 sibi
1040 2880 1211 2975 delegerit
1222 2879 1307 2952 ami-

183 3012 370 3104 camquam
383 2995 557 3084 versibus,
570 2998 715 3070 insciam
730 2998 788 3069 331
800 3000 986 3084 consciam,
1005 2999 1069 3070 sub
1081 2998 1157 3069 ficto
1168 2996 1308 3068 nomine

139 3099 143 3115 ’
186 3106 395 3202 Ooodidoe,
414 3114 592 3186 cecinerit.
611 3139 630 3185 3

234 3225 287 3297 De
305 3226 364 3300 1113
380 3241 497 3302 autem
513 3231 692 3304 horrenda
714 3233 932 3305 accusatione
947 3256 1015 3330 qua
1038 3232 1170 3304 inimici
1197 3231 1308 3303 Bezae

184 3418 423 3474 entretiennenten
437 3419 512 3474 13333
530 3421 602 3476 31333
614 3439 665 3492 par
679 3421 754 3476 leurs
770 3424 878 3478 fictions
903 3430 929 3478 et
942 3424 1083 3479 flatteries.
1102 3427 1121 3477 A
1152 3425 1179 3478 13
1196 3424 1280 3480 verite
1289 3427 1308 3482 il

183 3497 242 3552 leur
256 3499 338 3553 ueroit
361 3499 452 3553 mieux
475 3505 551 3552 scant
564 3501 597 3554 de
620 3501 733 3556 chanter
750 3519 785 3556 nn
799 3504 924 3574 cautique
938 3505 953 3558 1
977 3504 1054 3569 Dico,
1070 3519 1121 3574 que
1148 3505 1181 3560 de
1195 3506 1308 3561 Petrar-

184 3580 275 3648 quirer
288 3595 324 3632 un
338 3585 432 3633 333331
450 3586 477 3632 31
494 3579 562 3634 13133
576 3580 745 3636 1333333333
762 3584 858 3646 133331,
879 3584 960 3652 digne
972 3584 1074 3638 (133313
1089 3602 1125 3639 33
1139 3586 1275 3658 chaperon
1293 3591 1309 3642 3

184 3665 328 3716 333331133.
344 3675 378 3713 33
389 3661 421 3713 de
431 3661 594 3715 contrefaire
609 3663 773 3717 3331333333
787 3664 926 3734 poetiques
940 3663 1103 3736 1133111333,
1120 3684 1189 3737 pour
1204 3669 1309 3723 distiler

184 3739 210 3792 13
223 3739 310 3807 gleire
321 3741 354 3794 de
370 3757 400 3795 ce
418 3742 525 3807 monde,
548 3749 575 3796 et
593 3743 786 3798 immortaliser
798 3747 935 3816 cestuy-ci
950 3762 985 3800 ou
999 3747 1129 3801 ceste-la:
1154 3750 1249 3804 choses
1264 3751 1309 3821 qui

165 3879 168 3890 ,
184 3821 240 3873 1331
261 3823 400 3876 contesser
414 3837 447 3874 33
462 3821 574 3891 lactem,
603 3839 655 3894 que
673 3825 713 3879 133
734 3833 844 3880 auteurs
858 3825 976 3880 d'icelles
1000 3827 1073 3882 n’ont
1098 3845 1146 3901 pas
1162 3829 1310 3886 seulement

184 3901 273 3957 monte
283 3921 316 3956 en
331 3902 390 3956 leur
400 3910 474 3958 mont
482 3905 515 3958 de
526 3905 671 3971 Parnasso,
679 3909 748 3961 mais
763 3915 823 3964 sont
836 3925 971 3980 parvenus
980 3911 1088 3980 iusques
1100 3927 1134 3964 au
1145 3913 1234 3967 cercle
1244 3915 1276 3968 de
1284 3913 1308 3968 13

193 3985 275 4037 Lune.
284 4004 298 4034 u
307 3983 481 4052 (Abraham.
493 3988 550 4038 Aur
564 3987 717 4059 Lecteurs.)
726 4019 757 4029 -
766 3991 852 4054 Quam
861 3990 1015 4059 gravitaret
1027 3991 1199 4046 vehementer
1210 3995 1307 4047 Bezam

184 4067 342 4135 paenituerit
365 4065 533 4136 poematum,
549 4068 664 4122 dilucide
682 4070 800 4124 indicant
825 4079 853 4124 31
871 4073 1001 4140 praelatio
1022 4073 1117 4127 tertiae
1137 4075 1259 4129 editionis
1279 4086 1305 4132 31

184 4145 316 4214 Epistola
332 4146 370 4199 od
391 4145 595 4202 Wolnaorluau.
610 4178 642 4188 -
657 4151 700 4218 Cf.
720 4167 826 4222 quoque
841 4153 943 4218 131333,
955 4153 1000 4207 69.

221 4229 229 4263 ¹
251 4225 347 4293 Carrei,
367 4230 401 4281 de
424 4228 526 4282 111331
540 4231 662 4297 Scriptis
676 4229 950 4296 NicoloiBorlronii‚
966 4233 1044 4288 1888.
1060 4266 1094 4274 -
1115 4235 1204 4292 113313
1219 4239 1305 4294 mori-

183 4309 232 4367 bus
245 4317 383 4383 poetarum
402 4304 458 4364 rvri
472 4310 583 4376 3333311,
593 4314 632 4381 cf.
649 4311 719 4364 infra
736 4314 851 4384 (partem
865 4313 923 4384 111).
