3116 4978
258 404 289 458 ll
492 402 538 458 ΒΕ
551 400 730 456 rflnunoar
747 401 859 456 anau
875 398 1142 454 anunuscuurm
1167 415 1169 420 ·

259 532 373 598 menta
391 523 427 595 in
452 521 665 596 carminibus
693 531 728 594 et
742 519 899 616 epistolis
913 543 991 594 curn
1010 519 1122 594 Beaae
1142 527 1214 592 tum
1230 518 1379 594 aliorum

259 637 439 712 babemus.
466 637 677 732 Magistrum
700 636 879 729 Bituriges
903 635 1106 710 advocatum
1126 658 1146 708 a
1167 633 1381 710 nobilissima

259 838 427 908 degustarim
448 840 575 896 :nullam
594 857 629 896 ex
646 841 845 897 liberalioribus
862 840 917 896 illis
936 841 1094 914 disciplinis,
1115 857 1149 896 ne
1169 836 1384 912 lurisprudentia

260 917 366 988 quidem
380 927 502 992 excepta,
519 924 597 990 cujus
610 921 705 976 saltem
716 921 847 977 elementa
859 927 886 976 te
899 927 1078 993 praeceptore
1094 938 1146 976 non
1159 920 1332 974 didicerim...

295 998 347 1054 Sed
361 1001 413 1056 hoc
423 1008 463 1056 est
473 1002 591 1057 omnium
602 1002 794 1062 beneficiorum
805 1004 900 1074 quaed
914 1007 940 1056 te
955 1003 1048 1072 accepi
1057 1001 1139 1070 long'e
1154 1001 1300 1056 maximum
1310 999 1382 1069 qnod

261 1095 341 1136 verae
356 1083 462 1154 pietatis
478 1082 632 1152 cognitione
646 1099 680 1138 ex
696 1083 743 1142 Dei
758 1084 840 1154 uerbo
860 1089 986 1154 tanquam
1005 1081 1193 1154 limpidissimo
1211 1082 1283 1138 fonte
1301 1080 1384 1156 petita

261 1165 288 1212 tu
308 1177 351 1216 me
374 1162 413 1216 ita
435 1164 565 1230 imbuisti,
586 1177 614 1216 ut
628 1164 679 1216 nisi
698 1171 723 1218 te
741 1180 793 1218 non
807 1163 867 1218 dico
881 1180 934 1235 pro
947 1171 1132 1235 praeceptore,
1145 1163 1190 1217 sed
1205 1167 1385 1232 properante

261 1241 346 1296 colam
361 1249 388 1296 et
406 1245 559 1309 observem,
570 1245 688 1300 omniurn
702 1244 840 1300 hominurn
863 1247 913 1298 sim
936 1244 1054 1300 maxime
1067 1246 1190 1314 ingratus
1211 1249 1238 1298 et
1255 1242 1382 1297 inhuma-

261 1339 321 1380 nus.
343 1341 357 1378 tr

296 1411 336 1466 M.
350 1411 501 1467 Welmarii
514 1415 583 1468 Bene
593 1415 759 1488 epitaphium
774 1416 838 1470 iecit
851 1422 877 1471 et
892 1414 1041 1471 Wolmarii
1054 1417 1149 1471 uxoria
1171 1413 1334 1488 (Poemuto,
1351 1412 1382 1467 3⁸

261 1493 332 1564 ω’).
476 1575 585 1630 Meliori
604 1575 756 1646 Volmario,
775 1580 957 1650 praeceptori,

477 1662 505 1709 et
517 1655 694 1723 Margaritae,
709 1659 793 1730 ipsius
806 1661 926 1730 conjugi,
937 1676 990 1714 uno

479 1736 626 1806 eodemque
639 1737 682 1792 die
696 1739 819 1807 mortuis,
831 1739 978 1810 eodemque

620 1819 722 1874 tumulo
737 1821 861 1875 conditis.

408 1912 532 1986 Conjugii
548 1914 700 1986 exemplum
717 1935 810 1976 rarum
824 1925 981 1992 certumque
994 1919 1078 1986 beati,

478 1995 602 2066 Spectate
617 1999 705 2051 cuncti
717 2003 855 2071 conjuges.

407 2073 469 2130 Una
488 2075 545 2130 dies
564 2077 641 2131 nobis
653 2077 794 2133 Meliorem
808 2078 926 2148 sustulit,
941 2097 994 2134 una

480 2156 513 2210 Et
531 2156 708 2225 Margaritam
724 2159 839 2214 sustulit.

408 2237 452 2291 Sic
465 2253 518 2291 uno
536 2254 603 2308 quos
617 2239 671 2294 vita
686 2240 764 2295 thoro
778 2244 966 2312 conjunxerat,
976 2257 1030 2298 uno

481 2317 556 2372 Mors
568 2335 621 2373 uno
632 2319 734 2374 tumulo
748 2323 864 2375 condidit
880 2339 886 2375 :

407 2397 469 2454 Una
483 2398 576 2454 ambos
590 2401 673 2456 donoc
685 2402 779 2456 reddat
790 2402 838 2457 lux
853 2403 933 2458 unius
944 2401 1009 2457 oliru

480 2478 620 2540 Beatitatis
635 2488 782 2558 compotes,

550 2589 642 2644 Eidem
656 2590 765 2646 Meliori

408 2682 444 2736 Ni
454 2683 562 2752 Melior,
578 2703 630 2758 quo
644 2705 694 2743 nec
709 2688 804 2742 melior
821 2705 871 2744 nec
884 2689 987 2744 doctior
1002 2687 1074 2744 ullus

479 2765 609 2822 Nostrum
621 2769 711 2823 beavit
724 2769 853 2834 seculum,

409 2844 485 2902 Tune
495 2850 580 2920 jaces,
601 2851 722 2924 mutique
731 2857 805 2906 taces
823 2853 872 2905 auh
887 2849 958 2906 mole
972 2851 1108 2922 sepulcril

480 2929 515 2980 Et
529 2929 597 2985 Beza
607 2937 669 2998 stat,
683 2933 750 2986 Beza
764 2929 903 3002 loquitur?

410 3009 468 3066 Stat
482 3009 556 3066 certe
571 3017 596 3070 et
610 3011 729 3086 loquitur
745 3027 752 3065 ε
768 3013 814 3068 aed
828 3014 872 3070 cui
883 3027 932 3068 nec
948 3012 1037 3071 vivere
1051 3013 1138 3078 dulce,

498 3088 555 3144 Nec
570 3091 646 3146 dulce
662 3094 773 3163 posthac
790 3094 825 3147 sit
838 3092 912 3164 loqui
927 3109 933 3146 :

411 3170 514 3224 Verum
528 3170 606 3226 dulce
617 3175 686 3227 morl
699 3173 791 3243 fuerit,
807 3180 950 3246 tecumque
965 3174 1083 3250 sepulcri

481 3251 545 3308 Uno
556 3251 641 3308 latere
654 3256 703 3312 sub
722 3271 813 3326 specu.

410 3330 535 3402 Namque
545 3334 638 3402 jacent
646 3340 736 3394 tecum
750 3334 882 3399 Charites,
890 3337 963 3406 jacet
977 3336 1037 3410 ipsa
1050 3335 1193 3402 Venustus,

481 3411 515 3466 Et
529 3414 614 3470 omnis
625 3415 759 3471 Aonidum
778 3415 888 3474 chorus.

553 3511 659 3570 lisdem.

411 3608 498 3674 Quum
510 3610 612 3665 tumulo
623 3611 705 3668 lateat
717 3613 816 3669 Melior
829 3613 984 3670 Volmarius
997 3616 1058 3683 isto,

483 3688 532 3744 Cui
545 3689 696 3760 Margarita
709 3694 784 3748 adest
798 3711 898 3759 comes,

410 3769 458 3824 Est
470 3769 513 3824 illi
525 3789 576 3826 cur
588 3774 718 3845 invideas,
734 3775 865 3842 Mausolo,
878 3778 977 3849 diuque

483 3851 626 3907 Celebrate
637 3857 810 3925 pyramidum
824 3863 923 3913 strues.

412 3932 534 4004 Namque
547 3934 614 3988 nihil
627 3935 723 3991 melius
734 3936 858 4004 Meliore,
874 3955 924 3994 neo
934 3939 1010 3994 India
1025 3939 1168 4013 quicquam

483 4015 549 4069 Fert
563 4014 714 4085 Margarita
728 4019 829 4074 carius.

307 4094 356 4164 cs.
370 4093 446 4150 lusa.

482 4194 592 4250 Meliori
604 4195 733 4253 Vclmaro
744 4201 926 4270 praeceptorl.

413 4293 487 4363 Ergo
504 4293 593 4368 placet
610 4301 717 4352 nostros
730 4299 829 4353 iterum
842 4299 956 4368 vulgare
968 4299 1087 4358 furoresl
