3116 4978
247 366 262 415 8
708 365 918 418 PROOEMIUM

253 486 399 557 veritate
414 495 565 573 utamur,
584 485 750 580 quaedam
767 506 894 556 causae
914 492 1007 573 sunt,
1026 492 1063 555 ut
1075 492 1194 578 postea
1205 484 1363 556 demons-

253 601 434 672 trahimus,
450 602 520 674 Sed
535 623 733 697 quanquam
753 623 867 694 perse
892 600 968 692 ipsa
983 623 1051 671 non
1064 599 1184 692 magni
1205 609 1285 670 sunt
1297 624 1371 672 mo·

253 719 374 807 menti,
391 740 432 789 ea
448 726 604 811 poemata
615 741 684 787 non
699 739 841 811 prorsus
858 715 941 786 mihi
956 715 1119 788 videntur
1133 715 1279 808 indigna
1287 739 1373 811 quae

253 856 331 916 oum
351 831 532 927 diligentia
548 832 695 928 quadam
711 833 990 926 considerentur,
1009 855 1087 903 cum
1099 853 1141 903 ex
1156 830 1201 901 iis
1215 831 1374 924 intellegi

251 947 529 1042 praeclarissime
575 948 683 1042 possit
726 958 852 1043 quanto
880 948 987 1017 animi
1024 946 1148 1019 ardore
1180 961 1374 1043 quantoque

253 1063 365 1133 studio
380 1064 470 1136 Beza
487 1074 521 1134 et
535 1064 645 1135 Benae
676 1061 839 1158 aequales
850 1064 1008 1157 antiquas
1022 1061 1154 1134 litteras
1169 1075 1201 1134 et
1211 1061 1375 1134 excolue-

252 1178 322 1248 riut
336 1188 370 1249 et
395 1180 462 1249 sint
482 1182 649 1250 venerati.

300 1294 390 1364 Nam
406 1295 555 1388 primum
577 1294 925 1366 animadvertendum
948 1303 999 1365 est
1022 1316 1064 1365 ea
1078 1295 1232 1367 carmina.
1252 1294 1373 1388 lingua

252 1411 359 1480 latina
379 1410 508 1503 scripta
532 1433 619 1482 esse.
643 1411 735 1494 Quid
758 1411 832 1481 itat
859 1410 981 1480 Nonne
998 1419 1072 1480 tum
1094 1409 1242 1502 gallicus
1259 1434 1374 1485 sermo

252 1673 285 1724 sit
300 1671 402 1725 litteras
421 1673 583 1727 Desiderius
608 1673 750 1726 Erasmus
772 1673 981 1726 Roterodomus
996 1671 1115 1726 Nicolao
1130 1670 1276 1724 Borbonic
1296 1667 1375 1721 Van--

252 1753 410 1820 ceperano,
426 1760 506 1823 atque
518 1753 584 1806 haec
599 1753 697 1807 Mureti
709 1762 736 1806 et
752 1753 903 1806 Theocreni
918 1753 1052 1806 earmina.

408 1887 444 1953 Β.
460 1885 634 1941 Theoerenus
653 1887 787 1940 Bor-honio
799 1903 857 1949 suo,
875 1890 952 1940 Anno
966 1886 1005 1940 Μ.
1022 1887 1052 1938 D.
1074 1883 1208 1940 xxxin.

467 1993 652 2046 Deambulanti
664 1995 715 2047 hoc
728 2009 807 2046 mane
820 1993 896 2058 mihi,
913 1995 940 2045 in
954 1991 1077 2048 cubiculo

470 2072 542 2126 Puer
556 2088 631 2129 meus
646 2083 690 2125 tua
701 2073 823 2126 recitavit
836 2075 958 2126 earmina

466 2152 560 2205 Latina
570 2153 727 2223 Graecaque
738 2169 806 2223 quae
817 2155 875 2223 ipse
886 2155 943 2222 jam
957 2151 1018 2206 ante
1031 2151 1152 2219 legeram

466 2232 691 2303 Relegeramque,
704 2239 798 2302 captus
806 2233 1004 2303 pulchritudine

465 2310 560 2364 Musae
575 2319 644 2379 tuae,
662 2315 739 2382 ollii,
756 2317 836 2382 quam
850 2313 1011 2367 venerabilis
1028 2313 1110 2366 Deae.

468 2390 506 2443 Mi
519 2389 646 2457 sorbent,
662 2391 702 2443 vis
716 2394 836 2460 aperiam
852 2393 943 2458 paucis
955 2391 1004 2445 tibi

466 2471 534 2535 Quid
549 2469 681 2525 sentiam?
695 2488 815 2542 peream,
828 2489 851 2524 sr
868 2473 938 2541 quod
952 2472 1073 2526 numeris
1086 2465 1139 2525 tuis

467 2551 636 2607 tiustaverim
650 2567 767 2621 unquam
783 2550 836 2604 mel
850 2552 939 2622 palato
952 2552 1014 2606 huic
1033 2551 1145 2620 gratius.

550 2685 694 2739 Franciseo
708 2685 858 2739 Moncaudo
871 2685 1068 2754 Burdigalensi.

465 2793 615 2848 Moncaude
630 2793 740 2863 optime,
752 2794 795 2848 cui
809 2809 905 2848 novem
916 2809 1025 2848 soreres

467 2877 553 2932 Sertis
564 2882 685 2945 tempora
697 2874 797 2930 laureis
807 2880 946 2940 coronant,

467 2958 552 3022 Quem
568 2963 654 3009 vatem
663 2957 788 3025 geminus
802 2972 880 3009 suum
899 2954 1010 3025 Cupido,

468 3038 554 3102 Quem
566 3043 654 3090 vatem
667 3037 787 3104 genitrix
801 3052 879 3088 suum
892 3037 986 3104 Dione,

467 3117 571 3188 Spretis
590 3116 723 3180 omnibus,
742 3116 851 3169 unicum
866 3115 973 3180 salutat,

468 3198 531 3252 Illos
546 3196 693 3250 versiculos
707 3196 905 3266 perelegantes,

466 3279 529 3332 Illos
544 3277 689 3332 versiculos
704 3278 911 3348 perimpudiccs‚

467 3359 524 3413 Nec
538 3366 626 3413 castos
640 3358 719 3410 nimis
735 3363 762 3410 et
771 3358 849 3410 nimis
862 3365 999 3424 venustos3

465 3439 572 3507 Molles,
587 3437 764 3508 improbulos‚
785 3437 948 3508 libidinosos,

466 3521 610 3583 Effrontes
626 3519 755 3589 pellicos,
775 3517 945 3588 Catullianos‚

468 3603 520 3655 Per
535 3598 626 3652 ludum
640 3599 704 3651 mihi
719 3614 785 3668 quos
798 3599 857 3651 heri
868 3599 972 3664 dedisti,

466 3681 534 3744 iam,
552 3681 632 3733 credo
647 3678 767 3742 hercule,
784 3677 881 3732 millies
894 3679 990 3750 relegi.

466 3761 504 3816 Ut
519 3766 582 3814 sunt
595 3758 725 3812 molliculi
740 3759 746 3812 l
761 3766 791 3813 ut
803 3761 889 3812 fluunt
907 3760 1050 3816 decantari

467 3841 504 3896 Ut
522 3841 627 3910 spirant
636 3837 769 3894 Venerem
781 3840 957 3910 undequaque
976 3839 1078 3896 totuml

786 3937 886 3992 Mureti
899 3937 1135 4010 Epiqrammata.

287 4060 345 4113 Non
364 4074 430 4128 ergo
440 4058 537 4111 mirum
551 4057 621 4128 quod
634 4055 784 4109 Borbonins
800 4075 814 4106 11
828 4057 861 4110 de
875 4072 904 4110 se
918 4055 1002 4126 ipso»
1019 4054 1138 4125 scripsit,
1158 4055 1180 4120 1,
1197 4055 1214 4108 3
1228 4069 1235 4108 :

465 4166 552 4230 Quum
566 4164 644 4220 laude
660 4172 686 4219 et
699 4165 770 4219 lama
784 4163 891 4218 volitem
906 4179 988 4234 super
1001 4163 1122 4231 aethera,
1139 4164 1262 4220 scribens

464 4247 576 4314 Nugas:
592 4246 622 4300 Si
641 4246 759 4300 scribam
778 4245 858 4307 seris,
871 4249 985 4314 quantus
1000 4241 1067 4297 eret
