3124 4988
586 424 633 475 oa
648 421 922 478 narcannnnrrs
1022 483 1029 494 ⁶

189 578 225 642 et
243 592 263 638 ι(
277 568 320 641 ad
332 569 523 642 Candidam
535 595 553 643 n
568 594 575 641 :

390 757 474 833 Ergo
490 756 627 818 desinitis
643 758 753 817 micare
766 759 855 818 ocelli
863 759 887 818 ap
891 803 952 821 .....

189 916 318 987 ettad
338 917 459 1012 pedem
481 919 658 992 Candidae
678 946 720 990 n:

392 1105 416 1162 0
432 1122 495 1184 pes,
509 1123 597 1183 quem
611 1107 751 1183 geminae
765 1111 908 1183 premunt
921 1105 1104 1165 columnae²
1109 1151 1170 1167 .....

241 1264 310 1336 Sed
337 1266 405 1339 duo
438 1276 590 1340 extrema
619 1267 723 1339 nimis
750 1267 856 1361 longe
888 1269 1054 1362 producta
1089 1280 1168 1340 sunt
1205 1291 1315 1362 neque

191 1380 327 1452 mendis
346 1382 508 1478 vitiisque
523 1393 658 1456 carent.

239 1497 292 1568 Ex
321 1498 481 1570 omnibus
505 1523 592 1596 quae
617 1501 769 1572 diximus
796 1525 889 1572 nunc
920 1499 1143 1573 manifestum
1174 1510 1317 1594 apparet

190 1612 316 1684 Boram
331 1615 367 1684 in
383 1615 655 1710 Epigrammatis
669 1618 808 1712 proprio
821 1617 964 1710 ingenio
979 1617 1214 1713 peculiarique
1224 1640 1316 1712 quo-

192 1727 270 1800 dam
290 1731 391 1802 modo
411 1755 489 1803 esse
515 1756 630 1805 usum.
652 1733 734 1806 Non
753 1733 844 1828 quod
868 1733 1034 1829 pleraque
1059 1734 1226 1821 carmina,
1249 1755 1317 1804 uno

194 1855 254 1917 aut
272 1847 384 1920 altero
400 1850 568 1944 exceptis,
593 1873 635 1922 ex
658 1849 752 1922 omni
772 1856 870 1944 parte
893 1850 963 1921 sint
978 1849 1144 1943 perlecta,
1165 1860 1317 1921 attamen

192 1961 330 2035 dicendi
361 1965 508 2037 virtutes
538 1966 697 2038 invenias
728 1967 847 2061 plures
880 1966 1115 2061 clarioresque
1149 1988 1253 2061 quam
1280 1965 1316 2034 in

193 2081 317 2150 ceteris
335 2083 544 2175 generibus;
564 2083 642 2154 ideo
658 2083 702 2154 ad
730 2081 976 2177 perfectionem
1002 2082 1144 2177 propius
1173 2081 1318 2153 accessit

193 2195 281 2267 Beza
296 2197 386 2293 quod
408 2200 574 2270 sincerior
589 2208 623 2270 et
638 2197 755 2270 uerior
780 2206 867 2270 erat.
896 2199 1059 2270 Ceterum
1081 2207 1156 2270 erat
1178 2195 1317 2269 difficile

230 2423 302 2492 1Gf.
323 2425 393 2494 apud
420 2423 448 2480 l.
471 2425 646 2478 Bonefonium
671 2424 785 2492 (Basia)
804 2439 874 2493 quae
901 2423 1099 2492 epigrammata
1135 2421 1318 2475 inscribuntur

195 2523 208 2554 ι
225 2505 258 2557 ad
272 2520 361 2572 acum,
374 2505 408 2558 ad
420 2503 545 2558 catellum
556 2503 734 2558 Pancharidis
748 2519 821 2569 suae,
838 2503 870 2555 ad
886 2503 979 2556 dentes
992 2502 1089 2571 quibus
1102 2501 1176 2555 inter
1194 2500 1318 2556 osculan—
1374 2549 1378 2556 .

124 2589 127 2595 '
193 2585 254 2638 dum
274 2585 389 2656 papillas
410 2586 539 2639 Dominae
558 2585 675 2640 laeserat
694 2604 708 2634 »
730 2591 757 2638 et
780 2581 827 2636 illa
846 2584 874 2636 in
893 2583 989 2653 quibus
1015 2602 1029 2632 a
1052 2588 1160 2651 exoptat
1178 2598 1207 2635 se
1224 2583 1318 2636 florem

191 2662 270 2718 illum
287 2682 347 2720 esse
369 2683 423 2737 quo
441 2671 562 2719 uteretur
584 2666 670 2719 amica
695 2685 709 2716 n
728 2671 775 2717 aut
795 2683 808 2714 a
830 2663 896 2732 petit
916 2680 932 2716 a
951 2661 1081 2732 Cupidine
1094 2669 1124 2715 ut
1139 2663 1222 2716 finem
1236 2663 1319 2715 basiis

193 2745 313 2814 imponat
328 2766 342 2797 ι
358 2752 404 2800 aut
420 2752 585 2816 «comparat
598 2745 700 2799 malum
721 2760 798 2798 suum
817 2743 969 2798 Venereum
986 2760 1047 2797 eum
1067 2741 1138 2796 malo
1152 2743 1316 2809 Promethei,

195 2823 280 2894 Tityi,
298 2826 418 2896 Sisyphi,
433 2832 485 2881 etc.
505 2846 518 2877 u
533 2832 579 2880 aut
598 2846 612 2877 ιι
632 2828 757 2897 queritur
771 2826 804 2878 da
818 2823 997 2890 Pancharide,
1013 2824 1085 2893 quod
1101 2823 1148 2876 illa
1162 2824 1196 2876 sit
1214 2824 1319 2877 saevior

193 2905 394 2976 maligniorque
409 2909 509 2961 tonitru
524 2914 550 2961 et
566 2907 675 2960 lulmine
687 2928 712 2973 a,
728 2914 794 2973 etc„
810 2911 861 2959 etc.

230 3011 242 3046 ²
253 3013 374 3067 Muretus
387 3013 512 3082 frigidior
524 3014 603 3068 etiam
617 3015 667 3067 suit
679 3019 705 3068 et
720 3013 836 3068 stultior.

336 3094 397 3147 Nox
411 3095 499 3159 furva,
514 3101 594 3164 atque
606 3093 666 3147 aliis
678 3095 815 3149 horrenda
827 3092 1009 3164 nigrantibus,
1026 3099 1052 3146 et
1066 3108 1114 3147 vos
1220 3095 1228 3154 l

389 3175 457 3228 Fixa
474 3191 550 3229 meae
566 3173 640 3227 vultu
651 3176 758 3245 saepius
772 3181 846 3228 astra
858 3176 939 3239 Deae,

335 3255 433 3310 Audite
443 3255 511 3308 haec
527 3271 533 3307 ε
551 3262 580 3308 tu
594 3256 711 3324 primurn
726 3255 806 3309 Erebi
817 3254 1001 3325 centumplicis
1014 3269 1085 3307 uxor

390 3335 463 3401 Quae
482 3337 591 3390 veniens
609 3352 663 3389 uno
679 3343 774 3390 cuncta
794 3335 884 3390 colore
900 3342 986 3398 notas,

335 3416 396 3469 Non
415 3416 502 3486 pudor
516 3422 566 3484 est,
581 3415 627 3469 ubi
643 3416 795 3471 flammeolo
810 3423 836 3471 ta
849 3416 987 3485 Margaris
1001 3431 1049 3470 ore

390 3495 481 3562 Fallit,
496 3502 523 3550 et
540 3497 652 3550 invitum
666 3499 740 3566 cogit
752 3498 847 3552 adesse
861 3495 947 3551 dieml

338 3578 393 3632 Vos
408 3593 514 3648 quoque
527 3575 648 3630 lucentes
660 3577 777 3631 AEtbrae
792 3578 921 3632 radiantis
935 3576 1023 3642 ocelli,

390 3657 510 3721 Quorum
525 3656 579 3710 alta
594 3657 701 3711 assiduo
716 3656 817 3726 templa
832 3673 929 3712 canore
943 3663 1048 3722 sonant,

333 3737 394 3792 Non
411 3737 496 3807 pudor
512 3743 561 3799 est,
576 3737 662 3793 oculis
672 3737 717 3791 ubi
732 3737 939 3792 scintillantibus
952 3736 1000 3791 illa

392 3817 495 3872 Cedere
506 3823 545 3870 tot
558 3823 662 3870 vestras
676 3815 816 3888 lampadas
828 3835 881 3872 uua
891 3816 986 3889 jubet?

336 3901 370 3954 Et
385 3905 415 3953 tu
429 3896 556 3952 Dardanii
567 3900 667 3968 conjux
677 3899 796 3952 formosa
810 3900 914 3972 mariti,

362 4045 366 4052 ³
389 3978 515 4047 Tangere
529 3977 569 4032 sol
584 3980 661 4049 cujus
679 3977 716 4030 nil
732 3981 784 4033 nisi
799 3986 877 4048 terga
886 3985 983 4049 potest,

337 4060 462 4130 Nunquid
480 4059 528 4112 ubi
542 4059 646 4128 asperti
661 4061 742 4128 quiam
756 4066 782 4113 te
796 4058 892 4130 procul
906 4059 953 4112 illa
967 4058 1113 4129 relinquat,

390 4140 503 4194 Nativus
515 4155 594 4193 roseo
609 4141 707 4194 crescit
723 4141 752 4194 in
770 4156 819 4195 ore
832 4139 931 4194 rubori

336 4223 407 4287 Non,
417 4227 500 4291 puto:
516 4218 583 4290 quin
598 4217 638 4272 illi
651 4218 725 4274 ultro
736 4237 829 4276 omnes
842 4221 1000 4286 conceditis,
1010 4219 1038 4274 in
1048 4237 1102 4291 qua

392 4302 509 4356 Miratur
523 4300 595 4354 vires
609 4299 713 4370 Jupiter
727 4301 785 4372 ipse
800 4318 872 4357 suas.
1019 4299 1130 4374 (Muret,
1146 4296 1266 4368 Epipr.)
