3116 4978
260 417 290 467 ta
492 420 537 470 DE
554 421 731 474 annonem
748 423 860 476 ΒΕΖΑΕ
875 423 1144 478 ADULESCENTIA

306 535 469 610 Forsitan
477 539 638 612 incitaret
652 541 894 613 vehementius
906 543 1011 613 etiam
1026 543 1152 615 Bonam
1166 565 1269 637 quarn
1287 552 1376 613 cete-

259 674 315 722 ros
328 651 373 723 ad
387 654 617 727 exercendam
633 658 802 750 poeticam
817 655 1015 730 facultatem
1032 681 1135 754 quam
1154 657 1218 729 sibi
1236 658 1374 753 quidem

259 790 335 839 esse
365 771 539 860 credebat,
568 773 659 868 quod
683 773 777 844 filiae
802 774 963 867 magistri
989 775 1054 861 sui,
1078 775 1212 847 Mariae
1231 774 1372 861 Stellae,
1464 767 1467 774 ’

257 905 374 956 amore
397 887 544 978 juvenili
573 900 608 961 et
632 912 721 983 puro
740 899 812 962 erat
831 913 1016 980 accensus3
1032 912 1139 986 quare
1159 913 1245 987 quae
1264 891 1376 984 prima

258 1000 398 1094 scripsit
422 1005 577 1076 carmina
596 1015 729 1078 certum
749 1015 802 1080 est
820 1006 871 1076 illi
891 1006 1027 1101 puellae
1048 1006 1156 1079 fuisse
1176 1005 1371 1079 dedicata¹.

258 1113 326 1186 Sed
339 1141 420 1190 mox
436 1121 548 1192 Maria
562 1129 700 1195 mortua
726 1132 778 1194 est
806 1121 972 1218 illiusque
987 1122 1159 1194 desiderio
1186 1147 1256 1194 non
1270 1123 1375 1214 longe

256 1244 478 1328 consumptus
501 1260 578 1309 esse
591 1239 681 1310 Beza
694 1238 847 1310 videtur.
864 1239 1092 1312 Hortantibus
1111 1239 1244 1327 amicis,
1263 1247 1374 1310 totum

256 1371 294 1419 se
318 1348 445 1422 litteris
459 1352 613 1426 colendis
636 1355 787 1428 tradidit.
807 1355 887 1427 Non
916 1356 1045 1428 idcirco
1074 1356 1216 1428 omnino
1244 1357 1374 1428 serium

256 1465 453 1539 studiorum
479 1492 591 1564 genus
618 1472 843 1565 neglegebat,
874 1495 952 1544 cum
969 1473 1012 1544 ad
1030 1472 1203 1544 licenciati
1226 1473 1374 1566 gradum

256 1580 353 1654 brevi
370 1583 477 1657 fuerit
491 1595 681 1681 promotus.
711 1588 814 1686 Tum,
828 1587 930 1681 jussu
950 1589 1071 1684 patris,
1097 1590 1271 1662 Lutetiam
1285 1613 1374 1684 pro·
1442 1655 1446 1660 .

255 1696 441 1774 fectusest.

307 1821 419 1905 Quam
429 1819 680 1893 dissensionem
695 1821 964 1916 opinionumque
979 1821 1246 1917 discrepantiam
1260 1823 1374 1896 adhue

254 1940 346 2013 inter
360 1947 494 2032 patrem
509 1945 543 2011 et
557 1937 665 2010 filiam
678 1935 786 2009 fuisse
801 1938 1126 2028 animadvertimus
1149 1938 1270 2011 eadem
1296 1963 1374 2034 per-

255 2057 381 2129 mansit
396 2056 500 2128 etiam
519 2078 582 2150 per
592 2055 725 2150 priores
740 2076 848 2126 annos
862 2054 1201 2150 quibueTheodorus
1214 2057 1373 2130 Lutetiae

253 2173 353 2245 vixit.
372 2172 625 2244 Vehementius
643 2171 736 2244 enim
751 2193 853 2266 quam
876 2194 981 2266 quum
1001 2173 1151 2244 maxime
1175 2172 1372 2268 distringe·

252 2289 353 2361 batur
367 2289 459 2360 inter
473 2311 514 2360 ea
526 2288 568 2359 ad
584 2311 671 2384 quae
681 2287 788 2358 animi
798 2288 945 2381 impulsu
956 2287 1175 2360 alliciebatur
1184 2299 1219 2361 et
1226 2290 1271 2362 ad
1286 2313 1373 2386 quae

253 2404 414 2496 ¹voluntas
445 2384 591 2500 paterna
630 2427 709 2475 eurn
753 2401 922 2476 inclinare
954 2403 1104 2478 volebat.
1136 2405 1249 2488 Quare
1278 2430 1372 2480 nunc

252 2520 436 2593 hebraicae
459 2521 603 2618 linguae
629 2520 742 2592 studio
768 2542 806 2592 se
824 2519 1045 2592 tradebat-
1060 2543 1161 2616 quam
1180 2523 1370 2616 profiteba-

251 2646 308 2710 tur
335 2637 589 2734 eruditissimus
614 2637 670 2707 vir
709 2637 921 2710 Votuble-
951 2660 1044 2708 nunc
1068 2638 1142 2730 juri
1165 2638 1272 2729 civili,
1294 2664 1371 2711 cum

251 2758 421 2826 incertum
443 2754 487 2824 sit
501 2776 546 2826 an
568 2753 742 2848 «dejure
766 2753 901 2826 salico»
924 2753 1082 2824 libellum
1097 2753 1258 2844 ediderit,
1280 2779 1370 2829 nunc

252 2869 379 2942 litteris
387 2867 413 2958 ²,
427 2893 519 2942 nunc
533 2869 780 2964 voluptatibus.
794 2870 954 2942 Ceterum
970 2893 1039 2940 non
1054 2869 1162 2941 multa
1176 2872 1371 2966 accepimus

253 2987 448 3058 testimonia
464 2987 506 3058 ab
530 2985 591 3057 illo
611 2986 655 3058 de
675 2985 740 3057 hac
759 2985 882 3057 aetatis
908 2986 983 3080 ejus
1001 2995 1119 3081 parte;
1152 3008 1253 3059 rarae
1280 2988 1370 3060 enirn

253 3111 333 3174 sunt
348 3102 392 3174 ad
406 3103 456 3175 M.
471 3103 698 3197 Pomponium
714 3101 879 3196 epistolae
893 3125 912 3174 e
924 3101 1100 3196 quibus‚.si
1115 3101 1371 3198 frequentiores

253 3229 384 3303 essent,
416 3218 584 3313 perplane
612 3218 791 3312 cognitum
818 3219 948 3290 hahere
981 3241 1161 3312 possemus
1186 3229 1370 3317 quactum

251 3333 358 3406 fuerit
380 3334 493 3406 Bezae
517 3335 605 3407 ratio
632 3333 785 3409 vivendi.
812 3335 882 3408 Sed
910 3335 1047 3408 etiamsi
1075 3337 1111 3405 in
1133 3335 1371 3431 Epistoluud

260 3449 509 3522 Wolmurium
528 3474 598 3522 non
613 3451 780 3546 quaedam
804 3451 1010 3524 inseruisset
1025 3473 1113 3546 quae
1135 3451 1242 3524 vitam
1270 3475 1369 3526 suam

252 3564 460 3654 illuminant,
476 3565 588 3661 qualis
599 3588 722 3639 revera
736 3566 841 3638 fuerit
852 3565 955 3640 facile
970 3575 1063 3639 esset
1081 3567 1300 3662 intellegere.

301 3690 354 3754 Ac
363 3683 512 3776 primurn
517 3735 526 3772 ‚
538 3690 576 3754 ut
580 3683 654 3776 jam
663 3683 827 3773 diximuS,
841 3683 935 3756 inter
947 3691 1081 3776 patrem
1092 3682 1245 3756 etfilium
1257 3707 1370 3779 neque

287 4008 298 4043 ¹
316 4007 364 4076 Os.
376 4010 476 4063 Baum.
487 4007 523 4062 28
540 4025 600 4081 sqq.
612 4039 648 4049 -
661 4009 730 4063 Beza
750 4008 959 4079 epitaphiumP.
975 4007 1074 4062 Stellae
1092 4008 1212 4078 scripsit.
1231 4007 1279 4077 Gs.
1300 4023 1367 4076 par-

251 4095 305 4203 te?
317 4087 526 4223 Iclltunernales
552 4168 701 4223 studiorum
724 4168 818 4222 hahuit
850 4169 882 4225 F.
911 4167 1068 4241 Morellnm‚
1093 4169 1128 4223 A.
1157 4167 1314 4222 Turnebum
1342 4173 1368 4222 et

251 4248 286 4303 H.
302 4247 478 4319 Stephanum.
495 4278 528 4290 -
548 4248 686 4313 Quomodo
703 4246 807 4304 litteras
822 4255 848 4303 et
865 4255 939 4304 artes
952 4255 1009 4303 turn
1025 4248 1144 4304 Lutetiae
1162 4247 1367 4318 profiterentur,

251 4329 327 4383 nohis
341 4330 482 4384 ostendunt
496 4329 745 4399 Zwiaqtir'opera,
764 4328 828 4400 V113
843 4329 879 4384 ct.
895 4329 966 4396 ibid,
981 4328 1002 4386 I.
1018 4326 1064 4383 45.
