3116 4978
409 433 454 487 DE
469 433 645 488 astronom
661 431 772 487 BEZAE
785 433 1054 488 unuiuscaurla
1263 433 1292 484 17

164 543 270 637 jocis,
290 545 375 618 utile
394 569 459 640 pro
478 545 570 619 dulci
589 547 814 642 relinqueret.
832 546 950 619 Patris
963 545 1292 640 reprehensionibus

170 658 334 754 acceptis,
348 662 439 735 Beza
453 661 585 760 aliquot
602 663 726 736 diebus
739 661 943 756 diligentius
953 661 1029 756 juri
1047 660 1142 734 civili
1161 685 1198 734 se
1213 669 1293 734 tra—

169 775 285 868 debat,
314 778 376 852 sed
391 799 483 870 mox,
507 779 709 873 impellente
722 789 849 852 natura
863 801 1076 876 poeseosque
1094 800 1227 867 amore,
1248 776 1293 851 ud

171 893 286 968 studia
299 917 387 990 quae
406 895 556 970 malebat
570 895 825 972 revertebatur.
844 897 978 982 Quibus
993 903 1147 969 ceterum
1175 893 1295 967 amicis

171 1017 251 1084 tunc
279 1010 456 1097 utebatur,
473 1033 516 1083 ex
534 1009 606 1084 illis
633 1033 704 1084 non
732 1011 937 1105 diligentiae
955 1033 1062 1108 quam
1083 1021 1179 1106 pater
1197 1010 1291 1082 desi·

170 1125 311 1200 derabat
324 1127 522 1223 exemplum
533 1150 671 1200 sumere
685 1136 833 1224 poterat.
856 1129 1063 1202 Familiares
1078 1127 1169 1200 enim
1185 1134 1219 1199 et
1237 1149 1293 1201 ca·

169 1241 325 1319 sissimus
340 1243 461 1318 hebuit
485 1269 505 1317 u
524 1247 573 1317 lo.
595 1245 837 1341 Dampeirum,
854 1243 1095 1319 felicissimum
1118 1245 1292 1320 hendecu-

171 1385 190 1430 (ι
209 1359 376 1456 syllabon
404 1371 553 1456 poetam,
574 1361 732 1434 coenobii
760 1372 833 1435 tum
860 1360 914 1434 illi
945 1363 1070 1456 oppido
1095 1362 1290 1458 proximum

173 1485 378 1552 «rectorem
412 1478 525 1574 (cuius
556 1477 687 1552 obitum
707 1491 826 1574 postea
857 1479 1068 1574 deploravi),
1099 1475 1292 1554 Antonium

171 1623 191 1665 u
208 1592 442 1688 Agianthum,
473 1593 767 1688 Rhetomagensis
797 1605 917 1690 postea
943 1597 1063 1669 curiae
1095 1597 1291 1692 praesidem

173 1711 426 1808 «primarium,
453 1735 520 1783 non
543 1713 592 1785 ita
610 1713 745 1807 pridem
775 1709 991 1798 defunctum,
1014 1716 1178 1786 loannem
1196 1715 1292 1788 Tru-

171 1855 192 1900 «
208 1829 339 1920 chium,
367 1829 544 1902 Maeuium
586 1828 827 1924 Pomponium,
867 1829 1078 1902 Ludovicum
1110 1831 1287 1924 Validam,

174 1971 192 2017 u
208 1943 487 2043 adhuc(opin0r)
513 1946 730 2041 superstites,
751 1955 785 2017 et
812 1948 956 2018 summis
977 1945 1014 2018 in
1042 1947 1156 2020 Gallia
1175 1948 1291 2043 digni·

173 2089 193 2136 u
211 2061 339 2136 tatibus
366 2073 527 2154 ornatos3
558 2087 578 2135 u
606 2056 822 2159 (Iuvenilis,
844 2065 882 2138 3⁸
912 2063 988 2157 ed.)
1010 2064 1176 2138 iacobum
1195 2065 1290 2139 Pel·-

170 2179 277 2253 letier
295 2181 346 2252 du
369 2179 492 2270 Motus,
515 2179 720 2269 Martiuum,
747 2181 956 2276 Dionysium
982 2182 1166 2277 saevam,
1188 2185 1289 2258 Duu-

46 2349 48 2354 -
168 2296 325 2372 rouem¹.
357 2299 487 2371 Omnes
509 2296 546 2368 hi
572 2299 788 2394 antiquitatis
817 2309 850 2372 et
870 2322 1015 2392 poeseos
1050 2323 1128 2372 cum
1159 2302 1288 2374 veteris

169 2425 242 2488 tum
274 2415 478 2488 recentioris
501 2426 672 2486 amatores
690 2412 887 2487 incredibili
910 2415 1028 2487 studio.
1055 2437 1288 2515 quaecumque

168 2531 204 2604 in
216 2531 282 2604 hoc
295 2554 426 2623 genere
446 2531 536 2602 edita
557 2541 692 2604 erauta
710 2531 940 2627 typographis
960 2531 1125 2626 legebant
1143 2535 1288 2607 evolve·
1333 2533 1340 2552 '

135 2736 139 2750 Ι
168 2650 331 2744 bantque.
349 2648 527 2721 Marctum
539 2656 573 2721 et
599 2646 832 2721 Rabelaesum
852 2647 888 2718 in
905 2647 1040 2740 deliciis
1063 2649 1234 2723 habebant
1253 2662 1294 2738 et⁴

169 2765 326 2861 plerique
340 2767 456 2838 animo
471 2764 713 2858 indulgebant,
731 2765 767 2836 id
781 2776 834 2836 est
848 2765 1007 2836 versibus
1026 2769 1283 2861 componendis,

168 2883 294 2956 nedum
309 2883 410 2955 unice
419 2882 492 2977 Juri
505 2883 598 2954 civili
608 2905 649 2954 se
664 2881 843 2954 dederent.
860 2883 954 2954 luter
968 2903 1053 2976 quos
1068 2906 1137 2954 non
1152 2884 1286 2956 minimi

169 3001 373 3074 aestimatus
392 2997 502 3070 fuisse
526 3001 616 3071 Beza
643 2997 792 3070 videtur.
827 2997 1015 3071 «Studium
1032 2998 1123 3070 illud
1135 3001 1286 3094 poetices

170 3147 187 3184 «
205 3139 274 3188 non
300 3115 401 3188 modo
421 3138 493 3186 non
512 3115 665 3216 deserui,
687 3113 809 3187 verbm
824 3110 930 3186 etiam
944 3116 1042 3210 quasi
1057 3123 1175 3189 coorta
1195 3139 1286 3212 qua-

170 3263 187 3300 «
204 3233 286 3306 dam
314 3231 489 3304 internos
511 3231 756 3319 aemulatione,
784 3254 919 3303 summa
950 3231 1171 3305 contentione
1207 3256 1285 3305 sum

172 3355 448 3445 «persequutus,
468 3348 571 3444 idque
589 3346 783 3445 (quodsine
811 3347 943 3419 invidia
965 3347 1092 3420 dictum
1117 3348 1175 3441 sit)
1198 3349 1284 3423 adeo

170 3491 189 3537 u
206 3489 275 3538 non
285 3464 406 3536 invitis
418 3465 545 3555 Musis,
560 3474 596 3536 ut
608 3464 755 3535 testibus
770 3465 872 3536 etiam
884 3463 956 3536 illis
967 3465 1174 3536 doctissimis
1199 3467 1285 3538 viris

172 3606 191 3654 c
210 3581 370 3681 (quorum
385 3581 430 3653 ad
445 3604 502 3653 me
517 3579 684 3674 plurimos
705 3581 943 3652 amantissime
957 3581 1105 3676 scriptos
1125 3581 1285 3655 versicu-

170 3723 188 3770 u
207 3698 260 3772 los
277 3697 389 3770 adhuc
401 3697 494 3771 inter
513 3696 651 3788 κειμήλια
670 3696 838 3792 repositos
852 3699 1036 3791 conservo)
1048 3699 1123 3792 jam
1148 3706 1220 3773 turn
1249 3701 1285 3770 in

172 3840 191 3885 «
211 3838 251 3888 eo
270 3813 446 3888 scribendi
461 3837 593 3909 genere
610 3812 770 3885 nonnihil
785 3822 963 3908 praestare
980 3837 1081 3910 posse
1092 3815 1242 3886 viderer.
1264 3841 1282 3886 u

167 3929 368 4024 Iuoelier‘a,
384 3930 422 4003 3²
438 3930 492 4002 ed.
959 3928 961 3932 ⁴

204 4189 213 4226 ¹
230 4189 278 4260 Os.
299 4189 393 4258 Beum,
404 4189 450 4246 57.
465 4219 499 4234 κ
513 4189 591 4248 Unus
603 4205 640 4244 ex
654 4189 802 4244 carissimis
815 4189 867 4244 luit
878 4189 1001 4254 validus,
1018 4189 1061 4243 cui
1075 4186 1159 4240 multa
1166 4188 1288 4246 carmina

167 4270 235 4324 Bezu
253 4269 360 4325 dicerit.
376 4271 415 4324 De
426 4269 457 4324 L.
474 4269 581 4334 Velido,
600 4271 641 4338 cf.
654 4270 749 4335 Baum,
764 4267 810 4323 30.
821 4297 854 4310 -
870 4267 932 4324 Non
942 4269 1046 4324 minore
1072 4267 1287 4338 munteprese·

167 4353 244 4402 cutus
262 4354 303 4403 est
317 4349 494 4422 Pomponium
507 4349 587 4405 nem.
608 4345 658 4418 Οἵ.
673 4349 768 4419 Baum,
784 4349 881 4404 82-92.

261 4477 285 4514 1..
300 4479 330 4514 u.
1180 4463 1196 4511 a
