3116 4978
263 390 295 442 26
504 392 551 442 nn
567 390 743 444 Turnonem
759 392 870 444 ΒΕΖΑΕ
887 393 1154 446 cnutuscntv'rta

265 535 486 600 tentaverunt
495 527 680 624 inquinare
699 530 887 602 amicitiam
900 553 1002 625 quam
1017 553 1154 624 semper
1169 553 1247 602 eum
1262 527 1378 601 Aude-

262 645 359 716 berto
384 645 551 735 exercuit,
582 645 704 718 eadem
732 647 800 718 dici
829 657 985 740 possunt.
1009 645 1150 718 Crimen
1176 646 1382 733 contexitur,

262 762 404 834 minime
433 761 598 856 probatur
630 786 637 832 :
678 763 813 834 nullum
841 771 892 834 est
921 763 1029 855 igitur
1056 762 1201 846 crimen,
1226 774 1265 834 ut
1291 762 1386 834 clare

260 879 450 952 illustravit
471 878 633 973 Baylius
656 907 672 946 «
691 878 728 950 Si
744 880 775 951 le
790 880 849 952 fait
865 903 908 952 en
929 880 1085 975 question
1101 888 1153 951 est
1171 880 1214 953 de
1230 888 1352 951 nature
1366 878 1386 950 a

150 1091 153 1096 Ι
261 997 407 1091 pouvoir
421 999 495 1068 etre
507 1001 637 1089 prouve
651 996 987 1091 authentiquement‚
1004 1005 1038 1069 et
1048 997 1077 1067 si
1089 998 1140 1068 les
1151 997 1385 1069 Accusateurs

262 1135 306 1184 ne
326 1120 515 1207 manquent
539 1115 575 1182 ni
599 1113 642 1184 tle
670 1112 784 1184 bonne
804 1113 956 1202 volente,
974 1115 1012 1184 ni
1037 1113 1254 1201 d’industrie,
1272 1114 1297 1184 il
1315 1113 1386 1186 faut

260 1229 423 1301 concinne
438 1253 518 1324 que,
539 1229 613 1300 lors
629 1228 734 1324 qu’ils
748 1252 793 1300 ne
815 1239 987 1321 prouvent
1000 1254 1074 1324 par,
1093 1230 1136 1302 ils
1152 1241 1229 1302 sont
1249 1231 1385 1304 calom-

167 1435 170 1442 γ
260 1346 464 1418 niateurs...
481 1345 585 1416 Voici
600 1344 633 1414 le
647 1345 761 1438 precis
775 1346 817 1416 de
830 1354 903 1418 tout
918 1370 999 1417 mon
1019 1347 1309 1420 Raisonnement.
1336 1348 1385 1419 Le

259 1459 322 1534 fait
348 1469 399 1532 est
428 1459 533 1531 d'une
564 1459 644 1530 telle
667 1468 792 1532 nature
821 1483 899 1555 que,
932 1459 987 1531 s’il
1014 1461 1305 1550 etoitveritable,
1333 1462 1386 1533 les

260 1601 411 1672 preuves
429 1576 626 1673 juridiques
650 1587 683 1647 et
699 1577 942 1672 authentiques
958 1601 1002 1649 ne
1027 1580 1292 1673 manqueroient
1307 1601 1381 1673 pas.

260 1696 329 1766 Les
349 1701 572 1765 aecusateurs
587 1701 648 1764 out
672 1701 767 1764 toute
790 1692 959 1766 l’adresse
986 1703 1020 1765 et
1045 1705 1140 1766 toute
1167 1695 1200 1765 la
1228 1697 1381 1787 capacite

263 1810 321 1905 qui
337 1818 414 1880 sont
429 1809 640 1880 neeessaires
664 1827 752 1903 pour
771 1818 912 1880 trouver
938 1833 996 1881 ees
1018 1833 1178 1904 preuves,
1197 1811 1244 1883 lls
1271 1820 1330 1882 ont
1350 1811 1384 1882 le

262 1925 341 2021 plus
360 1923 474 2017 grand
488 1924 614 1996 interet
633 1925 678 1995 du
694 1924 819 1996 monde
834 1925 877 1997 de
895 1925 946 1997 les
961 1935 1115 1998 trouver.
1139 1926 1186 1998 Ils
1200 1951 1244 1999 ne
1260 1926 1311 2000 les
1325 1927 1384 1998 orit

260 2066 323 2137 pas
346 2044 508 2112 trouve'es
526 2065 534 2110 ε
554 2039 639 2112 e’est
657 2064 772 2134 parce,
786 2039 921 2140 taut-il
943 2043 1119 2134 conclure,
1145 2043 1233 2139 qu'il
1262 2043 1322 2139 n'y
1341 2067 1385 2115 en

261 2160 353 2232 avoit
372 2180 446 2252 pao.
464 2157 492 2228 Il
511 2160 569 2254 n’y
585 2181 628 2228 en
644 2158 739 2229 avoit
762 2181 824 2252 pas
849 2182 856 2227 :
885 2159 968 2231 c’est
985 2181 1105 2254 parce,
1122 2159 1234 2232 faut-il
1256 2184 1382 2233 encore

259 2275 433 2363 conclure,
449 2297 514 2369 que
533 2275 565 2344 le
588 2273 651 2345 sait
666 2297 709 2344 en
728 2275 885 2368 question
913 2275 996 2346 etait
1013 2275 1259 2372 ehitnerique¹.
1278 2277 1383 2350 »Sed

258 2391 301 2462 de
321 2391 481 2462 omnibus
496 2389 566 2460 illis
587 2390 797 2484 turpissimis
816 2390 923 2462 rebus
938 2391 1118 2464 hactenus.

305 2507 416 2600 lgitur
429 2507 518 2578 Beza
532 2504 667 2578 fervido
682 2516 716 2578 et
729 2507 803 2578 acri
822 2508 964 2600 ingenio
987 2509 1249 2606 studiorumque
1264 2511 1375 2604 poeti-

257 2647 376 2696 corum
394 2623 653 2694 amantissimus
668 2633 771 2718 atque
784 2646 804 2693 a
818 2624 1052 2696 severioribus
1072 2626 1166 2697 curis
1182 2629 1258 2720 jam
1272 2625 1377 2717 liber,

255 2740 432 2812 interdum
460 2739 628 2833 quaedam
659 2739 814 2810 carmina
844 2741 1033 2827 scribebat,
1066 2751 1103 2814 ut
1136 2751 1294 2837 tempora
1322 2751 1382 2814 aut

257 2857 413 2928 voluntas
428 2855 648 2950 postulabant
660 2864 763 2950 atque
777 2854 987 2946 invitabant,
1006 2880 1095 2952 quae
1111 2859 1215 2930 amici
1230 2857 1380 2930 familia-

257 2995 381 3067 resque
409 2970 574 3064 legebant
604 2970 738 3043 elfere
769 2995 889 3043 omnes
917 2973 1196 3046 admirabantur.
1233 2975 1284 3046 Ea
1317 2999 1380 3068 per

257 3112 380 3160 manus
402 3087 601 3174 currebant,
624 3096 658 3160 et
680 3112 758 3158 mox
776 3089 955 3160 nonnuliis
970 3091 1045 3160 visa
1070 3099 1150 3161 sunt
1172 3089 1277 3182 digna
1292 3114 1381 3187 quae
1411 3105 1416 3112 '

255 3205 349 3299 typis
377 3204 638 3275 mandarentur.
674 3203 811 3275 Scilicet
838 3204 904 3275 hoc
932 3206 1025 3275 omni
1054 3217 1208 3301 tempore
1231 3209 1380 3301 juvenes

255 3320 375 3391 allexit
390 3343 476 3414 quae
491 3314 704 3413 scripserant
719 3321 756 3416 in
771 3320 880 3390 lucem
892 3321 1048 3414 produci.
1067 3322 1234 3393 Nostrum
1251 3324 1379 3394 verisi-
1432 3397 1434 3400 .

256 3435 337 3507 mile
352 3446 405 3507 est
419 3459 488 3506 non
506 3434 565 3506 diu
586 3435 684 3506 firme
704 3437 874 3507 restitisse
894 3437 1014 3508 amicis
1034 3438 1254 3509 hortantibus
1273 3461 1380 3532 prae-

256 3553 423 3648 cipueque
434 3552 600 3644 magistro
611 3560 645 3623 et
655 3546 865 3623 doctissimis
876 3552 962 3624 viris
974 3554 1213 3643 suadentibus,
1227 3554 1380 3649 equibus

290 3795 300 3829 ¹
317 3794 515 3846 Dictionnairc
528 3790 759 3861 philosophique.
779 3821 814 3832 -
830 3792 930 3846 Eodem
943 3791 1003 3845 loco
1015 3791 1193 3847 historiarum
1212 3794 1373 3864 scriptorem

253 3872 392 3942 Mezeray,
410 3879 437 3926 et
460 3875 524 3942 jure
541 3871 661 3940 quidem,
692 3871 812 3924 maxima
829 3888 890 3924 cum
906 3872 1048 3926 severitate
1063 3874 1237 3942 reprehendit
1255 3881 1282 3928 et
1308 3875 1380 3927 vitu-

254 3960 332 4024 perat
345 3951 457 4023 Baylius
474 3967 481 4004 :
496 3971 510 4002 «
527 3951 596 4005 C'est
610 3950 637 4004 la
651 3953 775 4005 eonduite
784 3951 811 4004 la
822 3951 884 4020 plus
898 3953 1007 4021 indigne
1019 3954 1065 4024 qui
1079 3969 1108 4006 se
1119 3953 1209 4026 puisse
1224 3955 1285 4007 d'un
1299 3954 1381 4007 histo-

256 4034 404 4104 riegrapbe
413 4032 485 4087 aussi
500 4029 607 4087 celebre
622 4039 649 4085 et
663 4031 735 4084 aussi
745 4031 883 4086 illustre...
898 4053 910 4082 u
928 4032 1014 4084 hirnia
1032 4034 1103 4086 enim
1117 4033 1244 4088 facilitate
1254 4035 1380 4106 blezeray

254 4116 377 4188 probavit
386 4113 501 4168 erimina
515 4129 584 4184 quae
594 4111 697 4165 inimici
707 4112 837 4166 inBezam
847 4113 1003 4168 intulerant.
1013 4116 1123 4168 -Beza
1137 4132 1201 4169 vero
1210 4115 1269 4186 ipae
1281 4123 1379 4185 quanto

255 4198 370 4251 horrore
393 4195 466 4249 illam
481 4194 685 4249 abominandam
706 4196 900 4249 accusationem
917 4194 1057 4264 repulerit,
1083 4196 1158 4249 testis
1184 4205 1224 4250 est
1238 4197 1377 4264 Apolopia

253 4277 346 4331 altera
358 4277 397 4330 ad
408 4275 566 4331 Claudium
583 4275 618 4328 dc
631 4271 775 4329 Xainctes.
