3124 4988
231 397 262 448 88
625 399 670 452 DE*
687 399 958 452 EPIGRAMMATIS

231 556 367 639 poetam
381 545 460 619 illas
474 547 620 619 virtutes
643 545 905 640 graviterferre
921 546 1122 642 minimique
1138 546 1363 617 aestimare1.

281 663 393 747 Quam
413 662 520 735 multa
540 685 662 758 parum
691 664 837 758 liquida,
855 687 977 758 parum
1002 661 1131 750 mollia,
1159 669 1217 733 aut
1244 659 1367 753 potius

229 777 347 871 putida
375 778 413 848 in
440 780 595 851 carmina
626 803 645 850 u
676 780 718 852 de
753 780 904 851 amicitia
937 803 1016 851 cum
1048 777 1200 849 Truchio
1231 776 1363 846 inita»

232 894 410 967 invenias!

434 1039 502 1098 Heu
517 1057 572 1098 vos
588 1039 715 1108 advoco,
734 1057 788 1099 vos
804 1057 890 1098 acres
906 1037 1066 1116 Sophistas

432 1127 569 1189 Fallaces
591 1129 795 1206 querulosque
812 1129 1040 1196 homunciones,

435 1219 493 1288 Qui
510 1225 613 1278 noctes
629 1219 730 1278 teritis
748 1219 871 1294 diesque
891 1223 967 1277 totos

437 1308 614 1377 Quaerendo
630 1308 755 1366 insidias
765 1308 960 1368 locutionum.

437 1398 513 1467 Vos,
539 1398 675 1473 inquam,
692 1398 818 1469 advoco,
833 1415 888 1456 vos
903 1415 988 1456 acres
1004 1395 1174 1472 Sophistas‚

438 1486 496 1556 Qui
511 1505 600 1563 posse
614 1488 671 1546 hoc
683 1487 750 1545 fieri
769 1487 858 1546 simul
874 1484 991 1563 negatis

438 1578 480 1634 Ut
494 1577 561 1652 quis
575 1575 693 1635 victitet
708 1576 740 1634 in
755 1576 830 1636 locis
846 1577 974 1638 duobus,

439 1666 572 1723 Tandem
587 1683 662 1724 vera
675 1665 769 1742 loqui,
787 1668 1019 1738 oteuebriones,

444 1755 570 1830 Discite,
594 1762 624 1812 et
638 1755 705 1813 fieri
725 1755 827 1813 videte
841 1773 939 1830 posse,

439 1843 534 1902 Posse
549 1843 628 1919 quod
645 1843 712 1901 fieri
727 1844 819 1902 simul
840 1844 969 1918 negatis,

444 1933 542 2002 Quum
557 1932 613 1990 sim
631 1949 717 2000 unus,
735 1937 834 1991 tamen
855 1934 886 1991 in
905 1933 980 1993 locis
995 1935 1111 1994 duobus

443 2021 546 2081 Vitam
560 2022 633 2079 vivo
647 2021 747 2093 simul,
762 2021 905 2098 velutque
921 2030 1024 2082 nostra

441 2112 475 2169 ln
490 2117 592 2186 partes
607 2111 744 2186 geminas
762 2117 864 2170 secata
876 2129 962 2171 mens
977 2118 1024 2172 est
1041 2133 1048 2170 ι

439 2199 528 2274 Apud
542 2217 590 2256 me
603 2199 697 2257 altera
714 2199 802 2271 vivit,
820 2201 915 2259 altera
937 2206 1037 2260 autem

445 2288 531 2346 vivit
545 2288 575 2346 in
596 2288 728 2346 Trachin
746 2307 823 2351 meo.
840 2291 922 2365 Ergo
938 2291 1023 2348 nobis

446 2379 584 2438 Palmam
598 2379 717 2452 ceditis
738 2397 755 2437 ο
769 2381 985 2440 tenebriones?

291 2505 482 2600 Epistola«
500 2505 543 2576 ad
554 2504 711 2595 Sodales‚
730 2506 772 2576 de
786 2504 987 2576 Malchionis
1000 2505 1172 2576 Volmarii
1192 2527 1367 2599 praecep-

243 2631 334 2700 toris
352 2627 548 2700 charissimi
571 2627 722 2699 adventu
748 2628 784 2698 in
808 2627 955 2700 Galliam
983 2654 1000 2698 u
1024 2652 1087 2700 nos
1108 2628 1256 2700 delectat
1271 2640 1306 2699 et
1320 2627 1367 2699 ad

243 2745 517 2817 misericordiam
537 2745 711 2839 quandam
730 2747 885 2816 animum
905 2756 1062 2818 nostrum
1076 2745 1225 2839 impellit
1240 2772 1249 2832 ;
1266 2751 1363 2816 atta-

244 2885 324 2933 men
337 2861 522 2932 cachinnos
533 2861 705 2932 interdum
728 2870 853 2947 movet,
872 2861 958 2933 adeo
978 2866 1365 2955 parumconvenitcum

244 2979 449 3062 argumento
463 2991 574 3062 genus
589 2969 742 3039 dicendi.
764 2969 931 3064 Discipuli
950 2979 1022 3041 erat
1039 2970 1186 3040 studiosi
1203 2979 1237 3040 et
1258 2967 1367 3039 animi

245 3085 370 3157 nobilis
389 3106 552 3179 magnam
579 3087 727 3176 gratiam
749 3085 946 3157 Wolmaric
962 3086 1091 3157 habere
1111 3085 1366 3179 probamusque

244 3204 370 3274 Bonam
400 3200 489 3297 quod
514 3223 593 3271 eum
621 3200 755 3294 publice
778 3202 944 3290 laudavit,
965 3205 1037 3290 sed,
1066 3212 1104 3273 ut
1136 3203 1250 3271 dicam
1274 3200 1367 3295 quod

245 3319 368 3407 sentiO,
394 3340 509 3388 nonne
532 3316 692 3388 laudibus
720 3315 838 3388 nimiis
876 3319 1008 3389 extollit
1042 3320 1261 3411 magistrum,
1289 3341 1367 3388 cum

173 3474 180 3486 ·
243 3435 329 3505 locet
352 3458 421 3505 non
435 3435 528 3505 inter
545 3433 627 3504 deos
643 3434 770 3520 solum,
789 3434 850 3506 sed
871 3435 977 3505 etiam
991 3458 1096 3528 supra
1116 3434 1219 3505 deos?
1238 3433 1368 3504 Proba·

246 3551 370 3622 biliosa
389 3560 469 3621 sunt
489 3573 529 3620 ac
543 3572 650 3643 prope
671 3548 821 3642 perfecta
843 3573 931 3645 quae
949 3551 1106 3622 carmina
1130 3551 1368 3621 inscribuntur

249 3692 268 3737 u
288 3668 331 3738 ad
350 3667 547 3738 Marianum
571 3688 590 3732 n
615 3677 648 3736 et
675 3690 693 3734 u
721 3667 764 3736 de
779 3666 931 3737 Trachio
956 3677 989 3738 et
1006 3663 1149 3739 Valido²
1164 3691 1201 3755 u,
1216 3688 1367 3761 quorum

247 3785 397 3876 primum
416 3781 574 3876 proferre
595 3782 694 3851 nobis
715 3782 827 3852 liceat.

283 3950 381 4004 1Vide
408 3951 574 4019 epigramma
600 3950 639 4002 ad
673 3948 847 4014 Chloridem,
878 3967 970 4020 qaum
995 3950 1072 4020 falso
1101 3954 1274 4004 nuntiatum
1301 3960 1368 4004 esset

246 4032 397 4085 Maeuium
418 4029 614 4098 Pomponium
636 4031 668 4082 ia
689 4030 812 4096 Alpibus
834 4033 1004 4084 occubuisse.
1017 4062 1046 4070 -
1067 4029 1167 4084 Poema
1192 4033 1224 4084 ia
1240 4030 1368 4098 Nuptias

247 4112 319 4164 Jaai
333 4111 461 4165 Garacri
474 4119 501 4161 et
521 4109 707 4178 Marqaratcc
721 4110 847 4162 Uraniae
865 4110 1039 4165 vehementer
1051 4128 1100 4165 nos
1113 4111 1223 4166 offendit
1244 4117 1270 4164 et
1288 4110 1370 4164 laedit

247 4208 308 4245 oum
321 4191 347 4242 in
362 4192 442 4244 rebus
451 4190 569 4243 veneriis
584 4190 683 4243 diutius
694 4190 863 4242 immoretur.

490 4269 544 4322 Vos
562 4285 613 4338 ego
629 4271 710 4322 divini
724 4269 817 4323 Manes
830 4270 934 4339 appello
954 4270 1108 4326 Platonis...
