3116 4978
654 394 700 444 Du
715 392 839 442 SYLVIS

270 543 311 625 Os
322 559 444 602 roseum
458 545 489 600 et
502 539 596 600 flavos
615 556 670 617 per
684 540 816 599 eburnea
830 538 907 598 colla
922 537 1058 615 capillos,

269 633 535 707 Marmoreumque
549 630 646 689 sinum
667 627 1000 716 porrectaque-brachia
1015 626 1103 704 longe

267 721 306 780 ut
325 725 438 780 teretes
458 719 634 796 digitos.....

267 1062 424 1123 Attonitus
438 1064 529 1124 tacita
543 1082 645 1124 secum
655 1064 699 1124 sic
717 1081 792 1122 voce
805 1064 947 1140 loquutus
963 1059 1033 1141 (est)
1050 1082 1057 1120 ε

271 1150 349 1228 Quid
369 1168 423 1211 voa
434 1152 585 1212 caelorum
600 1153 728 1212 formam
746 1152 918 1229 celeresque
932 1156 1049 1211 rotatus

270 1240 481 1319 Sydereosquc
494 1242 581 1318 ignes
603 1243 676 1301 adeo
695 1241 860 1318 matrisque
880 1239 990 1300 Diones

270 1329 425 1400 Laudatis,
442 1331 564 1408 Superi,
587 1331 712 1391 vultus?
734 1348 825 1407 quum
847 1331 977 1389 barbara
990 1327 1066 1388 caeli

269 1419 445 1480 Luminibus
459 1419 556 1497 Virgo
570 1419 692 1487 officiat,

190 1600 299 1686 atque
313 1592 433 1686 procul
448 1593 569 1687 rejecit
589 1614 685 1663 arma
705 1600 739 1664 et
762 1593 963 1686 pharetram
987 1601 1022 1664 et
1038 1591 1186 1686 sagittas
1206 1611 1307 1685 quae,

195 1707 307 1779 sinon
325 1707 464 1780 inutilia
481 1718 574 1799 sunt,
591 1708 758 1801 graviora
771 1717 888 1780 tamen
899 1731 975 1780 esse
988 1715 1190 1804 coeperunt.
1220 1706 1311 1794 Quid

198 1825 290 1896 enim
302 1825 380 1898 telis
395 1832 429 1897 et
440 1808 618 1920 arcuopu's
629 1829 702 1899 estt
714 1827 861 1898 Lumina
874 1826 1067 1898 Bethsabes
1077 1823 1159 1912 tela,
1176 1848 1194 1895 u
1206 1823 1311 1898 luna-

193 1952 294 2037 taque
323 1941 498 2037 supercilii
528 1941 650 2014 umbra
680 1966 698 2013 o
726 1964 847 2013 arcum
875 1943 1089 2013 ministrant.
1113 1941 1225 2012 Nemo
1242 1964 1312 2012 non

190 2059 336 2132 fateatur
362 2081 506 2132 necesse
533 2070 586 2132 est
619 2060 743 2132 omnia¹
762 2061 847 2132 haec
877 2069 1081 2132 ornamenta
1109 2059 1211 2132 valde
1235 2082 1312 2134 esse

192 2174 383 2247 fastidiosa.
406 2173 476 2248 Sed
496 2174 541 2249 de
563 2175 788 2272 sequentihus
818 2176 975 2249 breviter
999 2175 1198 2272 loquamur.
1215 2168 1311 2270 Regi

192 2293 250 2386 qui
270 2292 371 2363 uxori
393 2292 500 2365 Uriae
525 2301 685 2388 stuprum
714 2293 868 2365 attulerit
887 2292 1048 2386 graviter
1062 2293 1201 2387 Jupiter
1219 2293 1312 2365 iras·

193 2409 294 2480 citur.
331 2449 380 2461 —
406 2415 463 2498 At,
504 2408 594 2481 dicat
632 2409 769 2505 aliquia,
801 2407 972 2481 Judaeine
1007 2430 1159 2504 unquam
1190 2408 1313 2480 Jovem

198 2526 453 2597 adoraveruntl
486 2567 534 2578 -
556 2525 746 2614 Candidus,
766 2527 871 2597 immo
894 2525 938 2597 sit
955 2525 1082 2598 stultus
1106 2524 1315 2621 quicumque

194 2639 357 2734 opinetur
367 2651 425 2711 aut
440 2641 568 2713 Bezam
581 2650 640 2714 ant
654 2651 788 2714 eeteros
802 2653 921 2737 poetas
935 2641 1097 2739 aequales
1111 2638 1314 2712 verisimilia

198 2756 296 2828 flocci
315 2755 451 2829 fecisse.
469 2757 599 2830 Noster
612 2769 741 2849 autem,
757 2759 923 2855 quidquid
936 2758 972 2829 in
987 2756 1159 2830 thesauris
1173 2756 1315 2852 poeticis

198 2873 268 2944 suis
280 2873 546 2968 reperit,plenis
557 2874 716 2946 manibus
726 2874 842 2946 haurit
855 2882 958 2970 atque
968 2873 1261 2968 prolanditneque
1273 2873 1315 2944 do

196 2988 334 3060 illarum
355 3011 459 3083 opum
473 3012 550 3062 cum
566 2999 772 3083 argumento
787 2991 1023 3064 convenientia
1035 2991 1179 3083 cogitat.
1192 2989 1315 3060 Jovem

201 3105 294 3177 enirn
304 3105 435 3177 inducit
446 3128 465 3177 e
476 3105 576 3178 lihris
587 3106 837 3201 scripturisque
852 3107 959 3178 sacris
975 3128 1096 3178 causas
1111 3105 1315 3177 educentem

196 3220 418 3317 fideliterque
453 3230 702 3294 memorantem
734 3221 873 3315 singula
900 3245 987 3318 quae
1013 3223 1175 3295 Jehovah
1204 3221 1315 3294 solum

197 3337 353 3409 effecisse
372 3345 525 3429 constet;
540 3336 772 3430 proferentem
788 3338 1081 3426 locosGeneseos,
1094 3337 1311 3429 Psalmistae,

88 3435 92 3444 ¹
202 3452 325 3545 Exodi,
347 3453 464 3539 losue,
476 3454 633 3547 Regum,
651 3442 897 3541 Ecclesiaslae,
916 3464 951 3525 et
961 3455 1057 3525 Petri
1072 3454 1197 3547 ipsius,
1212 3452 1315 3526 deni-

197 3592 274 3664 que,
297 3591 341 3640 ne
364 3568 485 3660 multa,
514 3592 593 3641 cum
611 3570 751 3643 Veteris
776 3581 851 3642 tum
874 3571 965 3643 Novi
984 3569 1213 3642 Testamenti.
1231 3570 1315 3653 Quis

196 3693 268 3756 tam
294 3685 462 3758 barbarus
482 3696 619 3781 tamque
642 3711 660 3757 u
683 3709 782 3758 serus
806 3687 1037 3758 studiorum»
1065 3684 1110 3758 sit
1129 3696 1166 3762 ut
1189 3709 1233 3757 ex
1252 3684 1315 3756 illa

197 3803 344 3896 epitome
368 3802 534 3874 historiae
561 3824 683 3875 sacrae
703 3826 780 3874 cum
807 3801 965 3896 profanis
988 3802 1147 3872 versibus
1170 3799 1316 3873 confusa

201 3918 256 3990 vel
285 3919 466 3989 minimam
499 3918 762 3992 delectationem
779 3919 913 4014 capiat?
937 3919 1124 3989 Praeterea
1145 3920 1220 4012 quis
1246 3939 1316 3990 non

200 4034 396 4129 aegerrime
440 4032 529 4106 ferat
555 4035 591 4105 in
630 4034 827 4107 adulterum
860 4044 1038 4128 tantopere
1070 4033 1189 4104 invehi
1217 4031 1314 4105 illurn

201 4148 321 4222 Jovem
348 4151 405 4246 qui
434 4150 557 4222 harum
587 4175 706 4224 rerum
730 4161 799 4223 tam
822 4150 909 4222 liber
938 4150 996 4238 sit,
1023 4160 1061 4221 ut
1077 4151 1125 4220 ait
1155 4149 1311 4242 Plautus,
1365 4179 1368 4184 ·

201 4273 383 4361 tantusque
410 4273 566 4340 amator?
593 4265 710 4364 Atque
738 4291 860 4341 rursus
884 4289 986 4363 quem
1012 4289 1081 4339 non
1109 4266 1258 4340 offendat
1281 4281 1316 4343 et
