3116 4978
394 417 440 468 Dii
459 415 641 470 sunonem
662 417 773 472 anns
794 413 1063 470 Auuenscsitrls
1262 413 1293 464 15

171 537 307 612 domina
320 537 543 630 Margareta¹
558 539 649 614 Bene
659 545 796 612 secutus
812 537 1013 622 estonam
1028 535 1169 608 civitate
1182 533 1289 610 fami-

170 650 274 726 liares
289 653 418 728 habere
430 655 545 750 coepit
569 654 648 728 illos
663 651 981 749 praestantissimos
992 652 1086 726 viros
1099 651 1158 746 qui
1173 660 1292 744 postea

173 768 1292 870 siveinreligione,‘siveinjecientiisartibus,litteris,maximam

172 885 319 978 gloriam
337 887 405 962 sibi
417 898 642 984 pepererunt,
662 887 854 978 Calvinum,
873 884 1293 980 Quelinumqu'usepite-

171 1001 292 1096 phium
314 1001 396 1078 feeit
414 1004 507 1082 stab
535 1029 576 1078 eo
591 1027 653 1099 per
668 1003 935 1100 quadriennium
954 1025 1119 1095 graecam
1135 1002 1294 1096 linguam

173 1117 292 1190 doctus
320 1128 384 1212 est,
408 1119 588 1196 Claudiurn
610 1121 672 1196 cles
700 1119 837 1209 nosses,
859 1120 893 1192 J.
912 1119 1115 1214 Amyetum.
1142 1117 1295 1194 Credere

174 1257 310 1330 quoque
329 1235 409 1317 licet
428 1261 498 1314 non
519 1238 628 1313 solum
654 1237 699 1310 ad
712 1235 938 1314 humaniores
956 1235 1091 1312 litteras
1116 1235 1295 1310 sedetiam

173 1350 217 1424 ad
227 1350 434 1444 religionem
444 1351 1011 1431 reformatamBonaminclinatum
1022 1373 1295 1446 eseeapraecep·

174 1476 272 1561 piore
289 1467 499 1546 Wolmerin.
532 1469 600 1544 Sed
621 1469 709 1547 haee
733 1492 803 1546 nen
827 1469 872 1543 ad
898 1475 1059 1544 nostrum
1078 1466 1294 1562 propesitum

176 1593 345 1678 spectant.

225 1699 414 1796 Disciplina
427 1702 537 1794 igitur
555 1701 777 1798 antiquorum
801 1702 979 1774 institutus
1007 1698 1073 1776 fuit
1098 1709 1131 1775 et
1145 1699 1296 1774 imbutus

177 1816 453 1914 magistrumque
475 1818 545 1912 jam
576 1828 649 1896 turn
675 1825 774 1892 tanta
803 1816 1003 1893 reverentia
1030 1839 1070 1888 ac
1097 1827 1166 1892 tum
1194 1825 1296 1910 grato

176 1933 291 2006 anime
301 1932 435 2011 colebat
447 1943 484 2006 ut
498 1932 648 2007 libenter
660 1957 739 2010 eum
753 1944 893 2010 secutus
905 1932 1018 2006 esset2
1027 1956 1118 2022 cum,
1129 1931 1296 2008 Kalendis

178 2048 276 2122 maiis
296 2050 378 2126 anni
401 2050 508 2140 1535,
526 2050 727 2144 Tubiugam
741 2049 914 2144 profectus
930 2060 994 2138 est,
1014 2049 1082 2126 nisi
1101 2051 1294 2144 imperante

177 2167 442 2260 perreveniseet
462 2165 639 2244 Aureliam
655 2176 692 2240 ut
705 2167 842 2260 injurie
861 2165 972 2240 civilis
1000 2165 1114 2242 studio
1130 2188 1297 2260 perseven
1329 2172 1334 2182 ‘

178 2289 283 2356 reret.
301 2282 354 2356 Ex
373 2305 413 2360 ee
434 2283 573 2358 demum
587 2292 741 2378 tempere
758 2284 832 2360 vite
846 2283 957 2358 Benae
978 2281 1086 2375 digna
1098 2290 1152 2356 est
1165 2304 1254 2378 quae
1275 2306 1296 2356 a

177 2397 277 2473 nohis
292 2400 456 2476 attentius
475 2398 729 2478 consideretur.

227 2524 391 2600 Aureliae
419 2533 504 2600 tune
535 2525 727 2600 doctissimi
746 2524 886 2620 quidam
912 2524 980 2596 viri
996 2524 1130 2596 litteras
1151 2525 1297 2617 prefite-

178 2639 304 2716 bantur
322 2641 595 2737 praesertimque
604 2643 664 2736 jus
693 2641 811 2731 civile,
831 2665 976 2735 quorum
1006 2641 1174 2712 Erasmus
1192 2663 1299 2732 prae-

179 2756 391 2834 clarissimus
407 2767 495 2833 erat.
513 2759 582 2832 Sed
596 2758 752 2854 plerique
766 2757 939 2852 discipuli,
958 2758 1138 2832 remissius
1152 2765 1298 2851 agentes

179 2896 292 2968 neque
321 2875 497 2950 severiore
523 2873 702 2969 disciplina
726 2875 916 2963 constricti,
947 2885 984 2945 ut
1005 2874 1082 2944 fieri
1101 2871 1198 2964 solet,
1230 2895 1300 2943 nen

394 3155 465 3224 Ergo
480 3156 562 3212 semel
577 3174 629 3211 non
644 3165 685 3212 est
702 3158 851 3228 desipuisse
863 3156 951 3211 satiei

323 3234 367 3292 sio
377 3234 504 3296 Vclmsre
512 3239 591 3308 jubes
605 3255 613 3295 ι
631 3246 658 3296 si
671 3239 783 3307 egotibi
797 3237 920 3310 (quaeso)
932 3238 1036 3308 jubenti

394 3317 462 3384 Quid
476 3324 564 3376 temen
577 3321 649 3394 justa
665 3337 726 3378 eum
746 3319 848 3378 ratione
860 3317 971 3388 negem?

323 3395 391 3460 Quid
404 3397 539 3452 facerem?
553 3415 620 3470 quae
633 3416 681 3455 nes
694 3401 742 3454 tibi
755 3398 971 3456 consecravimus
984 3397 1058 3463 olim,

394 3477 507 3546 Eripere
518 3479 585 3534 haec
598 3481 690 3536 eadem
700 3498 753 3552 quo
767 3481 815 3536 tibi
826 3482 890 3550 jure
903 3477 1016 3551 quesml
1115 3543 1119 3554 .

324 3557 399 3614 Adde
413 3559 495 3628 qued,
506 3560 563 3632 ipse
572 3567 634 3616 tuus
645 3579 727 3637 quum
742 3563 776 3618 sit
790 3576 897 3634 qunque
908 3560 1028 3618 muneris
1042 3565 1131 3623 autur,

396 3638 468 3693 Haec
483 3657 566 3711 quum
576 3643 644 3696 done
662 3644 742 3712 petis,
757 3649 785 3696 tu
799 3648 844 3696 tua
863 3643 932 3695 dona
946 3642 1026 3711 petis.

324 3717 405 3771 Fama
419 3720 503 3788 igitur
516 3721 614 3790 valeat,
625 3739 675 3778 nos
686 3725 744 3794 jam
758 3722 796 3775 nii
810 3723 881 3775 fama
892 3728 1015 3776 moretur
1030 3736 1036 3773 ι

396 3801 456 3868 ras,
470 3801 517 3858 tihi
531 3803 584 3873 qud
600 3803 730 3874 placeam,
741 3801 911 3874 displicuisse
927 3803 1004 3858 mihi.

218 3906 228 3942 ¹
242 3905 419 3980 Marguerite,
438 3910 568 3968 duchesne
580 3909 734 3978 d’Alenecn.

217 3986 229 4021 ²
245 3989 362 4060 riteque
376 3990 520 4047 haeserunt
534 3991 599 4044 mihi
621 4007 728 4065 semper
745 3996 771 4045 et
782 3989 870 4048 adhuc
886 3990 998 4044 haerent
1021 3989 1048 4040 in
1066 3988 1156 4044 animo
1171 3989 1303 4046 calendae

181 4066 278 4137 Melae,
294 4087 346 4140 quo
365 4072 509 4142 diequunr
528 4073 544 4124 d
566 4072 640 4126 vobis
669 4070 814 4136 avellerer,
839 4077 865 4123 et
890 4079 919 4124 tu
935 4070 1043 4140 quidem
1062 4070 1234 4138 Lugdunum,
1250 4087 1302 4140 ego

182 4147 321 4204 Aureliam
332 4162 425 4206 versus
436 4169 471 4207 ex
485 4153 570 4223 patris
586 4152 700 4222 imperio
719 4152 896 4223 discederem,
912 4151 1021 4206 memini
1037 4167 1069 4205 ac
1083 4167 1190 4220 semper
1204 4153 1303 4207 memi-

181 4245 247 4361 ιὲθιο
260 4229 364 4285 nullum
381 4250 499 4304 unquam
522 4233 592 4287 diem
610 4231 678 4286 mihi
703 4234 850 4287 tristiorem
873 4239 899 4287 et
924 4231 1114 4286 luctuosiorem
1138 4231 1300 4288 illuxisse.»

207 4313 266 4380 pist
284 4313 324 4365 ad
344 4313 450 4372 Wolnc.
