3124 4988
581 448 626 500 Dm
642 449 909 502 EPIGRAMMATIS
1271 452 1300 503 al

185 595 249 668 bus
263 622 281 668 «
291 598 328 668 in
339 597 510 693 quendam
521 597 698 668 asinorum
710 599 955 670 encomiasten¹
966 624 999 689 a,
1011 629 1028 667 n
1041 600 1077 670 in
1089 600 1250 671 Sextuma
1264 625 1300 690 u,

188 739 205 783 <r
220 714 253 783 in
279 711 510 784 Philaenum3
534 737 566 802 u,
597 737 616 782 a
636 714 671 784 in
695 712 909 785 Daedalum*
928 739 961 788 u.
994 715 1107 809 Atque
1130 715 1303 787 interdum

185 832 289 901 etiam
304 829 426 901 accidit
442 839 477 900 ut
495 831 609 901 acrius
632 831 809 922 mordeat3
835 831 914 902 vide
937 853 1023 926 quae
1049 832 1113 902 «in
1132 831 1303 925 Philopa-

186 956 278 1017 trum
292 970 326 1032 u,
345 946 411 1015 «in
428 946 543 1019 Ollum
556 945 569 986 5
583 975 615 1030 n,
636 976 652 1012 «
669 946 705 1015 in
725 946 941 1018 Hubertum⁶
960 976 976 1012 n
994 947 1128 1019 dixerit.

267 1127 338 1187 Sive
354 1127 491 1187 Palatina
506 1127 701 1204 Philopatrus
716 1127 881 1186 inambulet
897 1129 983 1204 hora,

305 1219 343 1276 Et
357 1217 438 1276 fatuo
458 1219 577 1276 incessu
591 1235 725 1276 marmor
741 1224 904 1294 utrumqne
922 1224 1024 1276 terat:

265 1307 337 1366 Sive
352 1308 547 1367 fames‘illnm
561 1307 745 1383 locupletum
761 1326 905 1384 quaerere
923 1325 1053 1380 mensae,

305 1399 343 1456 ut
357 1399 463 1474 procul
477 1415 602 1457 evacua
614 1389 707 1475 jussit
727 1400 811 1458 abire
827 1400 926 1468 domo,

267 1490 328 1548 Seu
339 1493 463 1567 jejunus
476 1495 532 1561 est,
549 1506 602 1547 seu
618 1489 706 1565 pleno
721 1497 830 1548 ventre
842 1489 968 1562 insiliet,

306 1579 365 1638 Seu
382 1577 473 1636 lateat
482 1577 576 1652 solus,
597 1597 648 1637 seu
661 1579 821 1637 comita-tus
835 1585 893 1652 eat,
1064 1646 1066 1654 Ι

267 1667 392 1744 Semper
405 1667 495 1726 habet
507 1667 648 1742 quiddam
666 1669 747 1744 turpi
762 1669 840 1745 qnod
855 1669 971 1745 garriat
981 1687 1045 1728 ore.-

307 1757 394 1827 Qnod
414 1761 522 1814 merito
537 1758 632 1832 possit
646 1775 770 1834 carpere
782 1776 900 1834 semper
914 1760 1014 1818 habet.

268 1848 395 1922 Semper
408 1845 482 1916 hiat,
498 1863 617 1922 semper
631 1848 767 1924 colloque
781 1849 976 1924 humerisque
994 1851 1123 1921 laborat,

306 1936 344 1994 Et
356 1934 475 1994 simulat
491 1953 632 2012 magnum
648 1956 722 1996 voce
737 1956 888 2016 manuque
903 1939 1021 2015 sophos.

268 2025 327 2083 Sed
346 2041 437 2100 quum
457 2030 487 2082 te
502 2025 652 2084 audierint
671 2026 756 2086 multi
768 2029 842 2086 bene
857 2028 952 2088 multa
966 2027 1139 2107 loquentem
1156 2053 1163 2091 ι

306 2115 403 2174 Nemo
426 2115 500 2173 bene
514 2115 633 2174 audivit
647 2122 676 2174 te
691 2116 867 2194 Philopalre
876 2119 973 2194 loqui.

237 2272 304 2343 Sed
321 2273 384 2344 hoo
408 2295 487 2344 raro
506 2273 545 2344 fit
564 2284 666 2370 atque
681 2275 865 2347 dummodo
886 2279 1064 2371 paululum
1080 2302 1140 2350 eos
1155 2287 1303 2374 pungat,
1332 2282 1334 2286 ’

188 2387 318 2459 nullam
331 2389 435 2460 aliam
450 2390 613 2462 ultionem
630 2393 809 2486 requirere
823 2394 923 2465 solet.
942 2395 1019 2464 Non
1035 2396 1127 2466 enim
1142 2394 1226 2466 illud
1239 2425 1256 2462 «
1268 2395 1306 2466 in

186 2505 348 2598 Sapidurn
364 2534 380 2570 »
405 2505 593 2602 malignius
607 2524 659 2578 est
676 2509 804 2580 dictum
825 2534 833 2578 :

267 2679 345 2737 Dum
364 2699 429 2740 sese
443 2683 600 2759 egregium
616 2683 744 2760 Sapidns
759 2691 846 2761 putat
862 2704 927 2746 esse
941 2694 1073 2764 poetam,

306 2770 432 2846 Desipit,
450 2776 479 2829 et
493 2772 601 2848 Sapido
616 2773 659 2832 nil
672 2775 767 2850 magis
783 2774 957 2852 insipidum.

236 2928 304 2998 Sed
327 2941 409 3002 ante
431 2932 546 3000 omnia
571 2933 687 3002 multis
712 2933 843 3005 salibus
870 2932 1070 3032 facetiisque
1095 2939 1308 3010 matrimonii

223 3181 233 3215 ¹
413 3185 482 3238 Dum
500 3185 592 3241 laudas
606 3188 705 3254 asinos,
724 3189 801 3242 lories
821 3206 879 3254 cur,
897 3189 1017 3257 Pontice,
1031 3188 1148 3258 peccas?

470 3265 573 3337 Nempe
591 3269 639 3321 tihi
652 3269 775 3336 ignotum
794 3274 870 3333 γνῶθι
886 3271 992 3320 σεαυτὸν
1005 3279 1071 3324 erat.

414 3364 516 3418 Caecus
530 3382 569 3434 es,
585 3373 611 3420 et
623 3375 732 3424 cunctos
747 3369 899 3438 reprendis,
915 3370 1006 3440 Sexte,
1019 3375 1122 3438 poetas.

473 3445 572 3500 Sanum
585 3463 731 3516 reprensor
745 3451 822 3503 debet
835 3450 935 3504 habere
948 3456 1038 3519 caput.

468 3554 593 3610 Aureliae
606 3573 702 3612 vocare
715 3575 808 3628 vespas
821 3560 965 3626 suevimns,

473 3635 512 3690 Ut
526 3637 616 3692 dicere
630 3638 693 3692 olim
707 3657 765 3694 mos
778 3647 836 3695 erat
849 3658 944 3695 nasum
957 3641 1076 3696 Atticum
1094 3657 1101 3694 :

472 3719 508 3769 At
521 3724 546 3770 te
560 3720 699 3786 Philaene,
717 3722 859 3777 Aurelium
874 3724 1026 3777 vocabimus

474 3799 584 3868 Fncnm,
597 3803 667 3872 quod
678 3819 770 3856 omnes
782 3805 847 3858 adeo
862 3820 966 3873 pungas
980 3803 1091 3870 frigide,

474 3883 605 3938 Aeulenm
620 3891 649 3937 ut
660 3885 769 3938 interim
779 3884 915 3955 relinquas
928 3886 1038 3938 nemini.

224 3960 262 4014 De
276 3961 368 4016 eodem
383 3961 522 4028 Philaeno,
538 3967 577 4033 of.
598 3966 668 4030 ibid,
684 3983 711 4035 p.
731 3963 776 4019 74.
795 3985 808 4015 n
825 3967 952 4018 Erasmus
967 3963 1013 4019 ille
1035 3981 1088 4034 quo
1103 3965 1218 4018 latentur·
1244 3961 1308 4033 plu-

190 4040 284 4094 rimi...
299 4061 312 4090 n

228 4122 240 4157 ⁴
473 4127 525 4180 Seu
540 4133 565 4181 te
575 4129 655 4192 seria,
670 4145 718 4182 sen
731 4128 786 4198 joci
799 4118 973 4182 morantur...

477 4235 594 4299 Quanvis
607 4234 653 4288 illa
667 4236 733 4288 mihi
748 4236 861 4290 lorensis
876 4241 978 4291 esset...

227 4341 238 4376 ⁶
469 4342 574 4398 Norunt
588 4344 737 4398 Hubertum
751 4358 885 4412 ganeones
900 4343 1040 4412 prodigi...
