3116 4978
269 391 301 442 38
742 392 787 443 ΒΕ
805 389 925 442 SYLVlS

274 538 387 612 videri
397 540 506 635 potuit
521 539 682 635 omnique
697 537 798 610 modo
810 538 917 631 digna
932 560 1020 632 quae
1034 537 1125 632 typis
1143 537 1395 630 mandaretur3

273 656 372 728 nobis
384 664 506 727 contra
523 654 714 727 mediocres
729 653 903 746 videntur,
918 654 992 724 sine
1011 662 1085 725 arte
1096 654 1284 726 otveritate
1294 664 1398 751 atque

275 770 471 844 simillimae
499 771 570 842 illis
593 770 903 843 declamationibus
924 791 1009 866 quas
1039 771 1130 865 apud
1156 793 1220 842 nos
1246 770 1400 843 scribere

275 911 384 983 nuper
403 888 564 984 discipuli
580 886 749 977 solebant,
777 909 854 959 cum
887 910 1052 959 versuum
1075 887 1263 959 latinorum
1286 887 1401 960 cultus

275 1003 562 1077 etiamfloreret1.

324 1122 419 1206 Quae
438 1121 480 1192 de
500 1120 611 1214 prima
632 1128 666 1191 et
685 1119 838 1192 secunda
859 1120 964 1213 Sylva
985 1121 1133 1191 diximus
1160 1119 1282 1192 eadem
1302 1118 1399 1192 nullo

274 1236 377 1308 modo
391 1237 427 1306 in
442 1237 581 1308 tertiam
596 1243 630 1308 et
651 1245 810 1333 quartam
830 1234 1014 1308 transferri
1034 1246 1192 1331 possunt,
1217 1258 1287 1307 non
1308 1235 1399 1330 quod

276 1353 442 1447 egregias
458 1362 491 1424 et
513 1352 673 1445 insignes
691 1351 838 1425 virtutes
857 1352 945 1424 haec
968 1353 1125 1426 carmina
1144 1352 1396 1440 demonstrent,

277 1468 338 1540 sed
358 1467 436 1562 quia
458 1469 549 1541 Beza
572 1468 693 1562 lingua
724 1479 758 1541 et
787 1468 949 1540 versibus
972 1469 1136 1564 antiquis,
1163 1491 1233 1540 non
1256 1469 1400 1565 antiqua

278 1586 402 1674 solum,
425 1585 486 1657 sed
501 1585 605 1656 etiam
618 1607 688 1655 non
700 1582 843 1678 profana
854 1593 977 1656 tractat
998 1585 1223 1680 numerisque
1237 1593 1271 1657 et
1290 1585 1399 1657 modis

279 1700 397 1772 latinis
418 1701 625 1772 christianas
645 1700 793 1796 explicat
812 1702 1016 1774 sententias.

325 1819 378 1890 Ex
389 1819 572 1911 perpaucis
584 1815 745 1888 litteratis
758 1817 817 1912 qui
832 1818 875 1888 de
890 1817 945 1888 his
962 1817 1095 1889 duabus
1111 1815 1229 1912 Sylvis
1235 1818 1403 1912 judicium

278 1935 448 2023 fecerunt,
478 1935 625 2029 Sayous‚
655 1955 732 2006 mea
763 1933 899 2028 quidem
939 1934 1122 2023 sententia,
1155 1935 1305 2006 maxime
1338 1934 1403 2007 luit

280 2051 466 2144 indulgens
513 2050 710 2146 nimiaeque
762 2049 1047 2137 benevolentiae,
1093 2050 1151 2145 qui
1196 2051 1345 2123 dixerit⁹
1384 2059 1399 2120 ἐ

238 2241 240 2244 ,
282 2197 299 2234 «
319 2165 435 2264 (Bene)
457 2190 495 2239 se
511 2165 661 2238 trouvait
681 2188 761 2237 sans
785 2166 891 2237 doute
916 2165 1003 2237 dans
1023 2189 1092 2238 une
1122 2167 1164 2237 de
1197 2190 1253 2238 ces
1273 2167 1400 2238 heures

280 2283 434 2355 d’extase
448 2283 635 2376 religieuse
650 2281 733 2377 qu'il
743 2282 834 2353 avait
844 2305 995 2353 connues
1011 2283 1098 2355 dans
1108 2282 1141 2355 le
1156 2287 1303 2376 menage
1316 2284 1400 2355 alle-

282 2399 385 2471 mand
396 2400 439 2471 de
451 2422 513 2471 son
533 2402 750 2493 precepteur,
768 2397 861 2469 alors
881 2398 965 2493 qu’il
985 2400 1067 2470 etait
1087 2403 1234 2492 partage
1251 2408 1351 2471 entre
1370 2399 1402 2470 la

282 2516 373 2610 plote
394 2513 549 2588 fervente
578 2537 644 2610 que
672 2514 720 2585 lui
745 2514 1060 2609 communiquaient
1091 2515 1142 2586 les
1176 2513 1265 2585 deux
1293 2519 1401 2610 epoux

283 2641 317 2704 et
341 2631 373 2704 le
393 2630 484 2703 culte
501 2631 676 2726 quotidien
690 2631 732 2701 de
753 2629 947 2725 l'antiquite
967 2631 1139 2725 poetique.
1158 2630 1250 2703 C’est
1268 2655 1314 2702 un
1328 2635 1400 2702 me-

283 2748 390 2841 lange
409 2745 486 2819 nali
503 2746 634 2818 d’idees
648 2746 871 2818 chretiennes
881 2754 916 2817 et
934 2745 976 2817 de
993 2747 1405 2844 reminiscencesmytho-

285 2863 458 2959 logiqueS,
474 2861 635 2956 melange
657 2862 834 2934 d’ailleurs
857 2884 954 2934 assez
973 2885 1134 2933 commun
1155 2886 1199 2933 en
1215 2886 1273 2934 ces
1295 2873 1405 2958 temps

287 2980 330 3053 de
344 2977 641 3052 renouvellement
667 2977 839 3051 litteraire
859 2990 893 3050 et
908 2978 1092 3072 religieux.
1115 3004 1133 3048 u
1156 2979 1267 3051 Nobis
1287 2988 1403 3051 contra

285 3096 474 3168 cavendum
498 3095 564 3166 erit
591 3117 635 3164 ne
654 3093 832 3165 severiore
851 3093 983 3188 judicio
1013 3106 1165 3165 utamur.
1193 3095 1274 3183 Sed,
1297 3118 1340 3166 ne
1368 3095 1403 3164 in
1485 3183 1486 3188 ἵ

286 3212 510 3306 malignitatis
530 3209 723 3305 periculum
747 3210 980 3298 incurramus²
1004 3219 1083 3281 anto
1107 3209 1224 3282 oculos
1239 3212 1284 3281 sit
1305 3210 1403 3281 nobis

286 3327 398 3424 magis
412 3336 515 3422 atque
529 3325 643 3419 magis
659 3327 870 3421 propositum
889 3327 1015 3398 Bezam
1036 3327 1221 3398 admodum
1237 3327 1402 3420 juvenem

285 3441 393 3515 fuisse
409 3465 485 3514 cum
498 3441 557 3513 illa
574 3442 727 3537 carmina
743 3442 908 3513 scriberet
922 3464 1012 3537 quae
1030 3443 1081 3513 M.
1094 3442 1290 3512 Wolmario
1310 3454 1403 3515 certe

286 3559 380 3630 dedit
389 3556 606 3630 emendanda
615 3569 648 3630 et
658 3557 897 3653 expurganda.
908 3559 1275 3652 Praeterea‚quamvis
1287 3559 1324 3629 in
1338 3559 1404 3630 illis

287 3675 414 3747 Christi
424 3673 609 3746 Natalibus
623 3674 731 3746 multa
743 3672 843 3744 nobis
852 3674 1037 3745 videantur
1047 3675 1231 3746 admodum
1239 3675 1406 3770 inexpec-

288 3801 358 3864 tata
387 3802 420 3863 et
443 3790 613 3879 inaudita,
645 3812 707 3860 nos
729 3813 902 3862 memores
931 3814 1006 3862 esse
1033 3790 1131 3862 decet
1161 3814 1230 3861 non
1260 3790 1404 3864 multum

287 3908 411 3979 Bezam
432 3906 571 3978 differre
589 3928 609 3977 a
633 3906 757 3979 ceteris
777 3907 933 3999 ejusdem
952 3907 1075 3978 aetatis
1096 3907 1321 4002 scriptoribus
1345 3911 1404 4004 qui

322 4129 402 4184 ¹Non
426 4144 525 4200 operae
546 4130 663 4200 pretium
681 4134 721 4182 est
742 4129 866 4199 proferre
890 4131 1005 4200 quaein
1027 4131 1106 4184 tertia
1128 4129 1243 4184 editione
1267 4129 1406 4184 emendata

285 4210 423 4264 fuerintin
437 4226 469 4264 ea
481 4209 567 4281 sylva.

322 4290 366 4358 ²1,
381 4291 445 4360 279,
460 4309 505 4361 op.
520 4294 579 4356 cit„·
593 4293 628 4347 cl.
646 4293 716 4358 ibid,
730 4289 783 4344 275
797 4297 823 4346 et
834 4290 896 4344 277.

1211 4349 1263 4364 b·-
