3116 4978
627 411 673 464 DE
690 409 823 464 sununs
1257 406 1287 458 tu
1350 399 1352 408 ‘

160 552 230 626 illis
259 555 371 647 magis
398 550 618 626 familiariter
645 576 748 649 quam
765 553 965 648 aequalibus
986 553 1058 626 suis
1081 574 1181 624 usum
1207 573 1285 624 esse
1314 641 1316 650 χ

118 699 120 704 ·
164 668 298 742 credas.
311 669 358 742 Hi
373 669 464 741 enim
480 692 602 743 versus
613 668 807 740 fidelissimi
821 678 1016 762 temporum
1033 667 1156 764 quibus
1166 675 1285 740 noster

164 784 358 878 elegiarum
376 786 525 881 scriptor
542 786 631 858 vixit
656 785 790 858 indices
808 792 984 881 testesque
1002 793 1095 872 sunt,
1115 782 1285 858 manifes-

162 909 264 997 toque
279 924 322 972 ex
341 901 392 972 eis
407 911 551 997 apparet
566 910 695 996 quanto
715 901 841 972 ardore
862 909 897 1003 et
916 925 1046 990 amore,
1063 901 1128 974 illa
1147 900 1284 997 quidem

161 1027 290 1108 aetate,
313 1019 823 1113 antiquitatemvenerarentur
848 1026 882 1088 et
906 1018 1104 1090 excolerent
1111 1001 1283 1113 jurenes;
1319 1039 1324 1046 “

161 1136 279 1230 itaque
295 1158 361 1206 non
376 1133 514 1227 indigni
531 1143 611 1206 sunt
621 1135 678 1229 qui
694 1142 826 1208 attente
838 1135 1116 1210 considerentur.
1127 1175 1172 1190 -·-
1188 1135 1286 1214 Quae

163 1253 235 1324 dies
246 1254 423 1325 Nasonem
433 1262 467 1323 et
476 1252 613 1324 Livium
629 1280 645 1320 n
656 1251 731 1322 orbi
742 1252 926 1344 sustulit»,
940 1254 1104 1324 eaBezae
1115 1251 1284 1324 funestior
1356 1262 1358 1264 ’

162 1369 269 1442 fuisse
292 1368 426 1442 videtur
454 1391 558 1464 quam
583 1390 671 1464 quae
704 1366 886 1442 «infames
915 1370 1086 1464 sanguine
1107 1369 1244 1444 Cannas
1263 1392 1282 1439 »

163 1487 260 1560 vidit.
286 1483 411 1560 Absint
424 1485 548 1582 igitur,
570 1484 675 1578 longe
692 1483 807 1556 absint
826 1507 1063 1582 quaecumque
1091 1508 1285 1562 maerorem

163 1612 233 1675 tam
258 1602 390 1698 justum
414 1613 473 1674 aut
497 1602 753 1696 interrumpere
777 1607 835 1672 aut
854 1601 959 1674 etiam
978 1600 1095 1674 levare
1117 1613 1283 1698 possent3

163 1742 231 1791 non
251 1727 388 1792 assueta
405 1739 553 1790 munera
567 1717 732 1811 januario
751 1740 872 1790 mense
895 1717 997 1790 amici
1016 1717 1108 1790 inter
1129 1741 1166 1791 se
1190 1742 1285 1794 com·

163 1844 309 1926 mutent,
339 1834 400 1908 sed
427 1836 540 1908 cuncti
568 1834 716 1908 fundant
744 1835 863 1928 largos
900 1835 1002 1908 fietus
1038 1835 1286 1936 tristitiamque

160 1952 307 2025 induant
328 1952 372 2024 ad
390 1975 507 2023 rerum
524 1965 669 2023 naturae
688 1953 798 2047 ipsius
820 1950 1030 2046 exemplum.

244 2146 366 2208 Cernite
379 2166 458 2207 nuno
471 2148 554 2208 tristi
572 2147 710 2225 ploratur
725 2154 758 2208 ut
773 2149 905 2226 undique
919 2151 1014 2221 caelo,

283 2236 445 2314 Mersaque
460 2239 590 2298 demisso
602 2244 686 2298 terra
700 2239 756 2298 sub
777 2240 874 2300 imbre
888 2245 982 2300 natet.

211 2437 297 2510 Item
325 2439 481 2511 sincerus
515 2439 663 2535 quodam
696 2441 798 2512 modo
827 2439 1064 2514 videturesse
1089 2439 1179 2516 Boua
1207 2461 1284 2513 cum

162 2551 324 2646 Augusto
339 2554 512 2629 maledicit
528 2557 587 2650 qui
601 2555 780 2628 Nasonem
794 2555 831 2628 iu
846 2555 1005 2630 exsilium
1020 2556 1188 2649 proficisci
1216 2578 1285 2630 nou

161 2669 263 2744 modo
276 2693 397 2764 passus
413 2672 469 2762 sit,
487 2671 547 2744 sed
560 2671 719 2765 jusserit.
739 2672 836 2758 Quae
848 2671 1085 2746 inhumanitas
1101 2670 1283 2767 principis,

163 2784 219 2856 vel
233 2787 347 2881 potius
361 2809 448 2883 quae
462 2786 603 2860 feritas!

240 2989 338 3050 Iulius
359 2991 416 3051 hoc
431 2991 503 3050 olim
517 3009 576 3051 non
591 2991 662 3052 fecit
676 2993 857 3066 avunculus,
874 2992 926 3052 ille

284 3079 342 3149 Qui
356 3081 437 3140 dedit
451 3081 558 3140 ltaliae
578 3087 697 3159 sceptra
714 3081 838 3140 fecunda
851 3082 917 3140 tibi.

242 3169 283 3230 Et
293 3174 324 3228 te
332 3173 398 3248 jam
413 3169 524 3230 ¹merito
538 3169 716 3230 clementem
730 3171 831 3230 dicere
853 3171 1022 3248 quisquam,

283 3259 480 3336 Ingeniumve
499 3265 598 3336 potest
614 3261 714 3319 dicere
726 3261 798 3319 mite
813 3260 889 3320 tibil

211 3453 322 3538 Quem
342 3477 425 3526 vero
440 3455 560 3527 vivum
581 3478 693 3554 neque
714 3454 882 3526 admirari
900 3478 1012 3552 neque
1033 3455 1123 3528 tueri
1143 3453 1284 3527 immitis

164 3567 274 3644 voluit
311 3571 485 3667 princeps,
519 3570 618 3644 illum
652 3581 826 3646 mortuum
865 3572 1072 3671 quicumque
1100 3572 1138 3646 iu
1163 3569 1286 3646 inferis

161 3682 289 3757 adsunt
298 3695 356 3758 aut
371 3685 419 3758 dii
430 3693 489 3758 aut
501 3685 778 3781 praeclarissimi
793 3687 860 3757 viri
873 3689 1019 3759 summis
1032 3711 1109 3760 cum
1124 3673 1290 3770 laudibus,

163 3821 364 3900 summaque
383 3800 517 3875 laetitia
535 3813 757 3898 acceperunt.
782 3803 1058 3878 Advenientibus
1077 3803 1170 3878 enim
1186 3801 1286 3878 Livio

160 3929 195 3990 et
215 3917 356 3992 Nasone
373 3918 487 3990 omnis
517 3929 697 4012 poetarum
720 3921 848 3992 chorus
872 3930 907 3992 et
926 3921 1070 3994 heroum
1098 3920 1286 3994 latinorum

161 4035 370 4123 assurrexit,
387 4034 514 4122 Varro,
548 4033 681 4126 Cicero,
706 4035 875 4126 Catullus,
899 4035 1076 4126 Tibullus,
1097 4035 1282 4134 Virgilius,
1366 4127 1371 4134 Ι

160 4157 195 4224 et
209 4161 325 4224 cetera
336 4149 549 4244 inclytorum
571 4151 778 4246 scriptorum
801 4177 820 4224 <r
837 4151 940 4226 turba
960 4176 994 4229 u.
1016 4152 1197 4228 Hannibal
1210 4153 1285 4248 ipse

161 4265 296 4346 Livium
316 4265 440 4338 excolit
455 4277 560 4364 atquc
576 4276 778 4341 veneratur.
797 4269 879 4341 Nou
897 4291 984 4364 ergo
1004 4269 1131 4344 mirum
1146 4269 1177 4342 si
1195 4269 1285 4343 Besa

223 4420 293 4455 mu.
394 4481 397 4486 ,
1192 4411 1207 4458 t
