3116 4978
277 374 309 428 ⁴8
741 377 787 428 Du
801 376 937 428 neumis

274 527 449 601 curHelis
474 568 522 581 -·
548 527 584 598 id
605 549 731 598 nomen
750 536 804 598 est
824 526 971 599 eximiae
993 526 1174 621 cujusdam
1195 523 1332 618 puellae
1352 565 1401 577 -

275 653 347 716 tam
362 643 422 715 diu
441 643 531 716 absit
548 669 558 736 3
576 654 691 716 utrum
711 667 729 714 u
750 653 932 738 componat
944 653 1085 715 ornatos
1108 641 1173 714 rite
1196 641 1338 736 capillos
1354 643 1401 710 »t

273 761 342 834 Sed
364 787 382 833 «
398 760 487 833 llava
499 782 597 832 coma
611 783 681 831 non
692 760 790 854 jussa
803 783 864 831 suo
876 766 944 832 stat
956 758 1033 830 loco
1051 782 1087 829 u.
1103 757 1161 829 An
1177 756 1237 829 illa
1256 786 1273 824 «
1291 755 1401 852 Tyrio

273 878 387 950 colore
413 876 548 950 vultum
569 875 686 948 fucare
709 875 922 948 »credenda
943 876 1001 965 sit,
1031 900 1049 947 r<
1071 875 1127 948 cui
1153 874 1286 947 medias
1305 873 1400 945 intra

273 1017 426 1090 purpura
447 1005 529 1066 nata
557 994 599 1064 sit
624 1015 735 1085 genas
751 1016 769 1062 i>
788 996 801 1062 t
823 991 880 1064 An
913 1017 931 1063 u
953 1001 1049 1064 creta
1078 990 1219 1080 collum,
1253 988 1397 1062 venenis

275 1113 390 1184 rubris
410 1111 507 1183 labra
522 1110 723 1200 mentiatur,
743 1131 763 1179 r>
793 1109 848 1180 cui
879 1133 897 1177 «
928 1107 1054 1180 collum
1079 1106 1269 1195 eburnum,
1301 1105 1400 1179 labra

276 1227 382 1298 minio
402 1226 595 1298 rubentia»
613 1232 734 1294 natura
750 1221 962 1295 concesserit
978 1225 992 1290 l
1006 1223 1088 1294 Non
1113 1229 1207 1293 certe
1236 1245 1254 1292 u
1275 1229 1399 1292 tenues

274 1345 453 1418 oculorum
467 1341 566 1415 Helis
581 1364 682 1413 arcus
698 1341 826 1434 depilet
842 1365 860 1411 u
880 1363 991 1436 neque
998 1339 1099 1433 jubet
1117 1366 1134 1410 u
1148 1338 1265 1434 patula
1276 1337 1398 1411 cedere

273 1459 387 1533 fronte
409 1459 654 1546 comas,-cui
665 1459 825 1551 geminos
842 1457 922 1528 talis
937 1455 1073 1528 testudo
1089 1463 1235 1529 exornat
1251 1454 1394 1541 ocellos,

272 1617 321 1632 -
332 1575 444 1672 qualis
456 1573 605 1668 Apellea
618 1573 712 1645 linea
725 1572 826 1645 ducta
843 1572 971 1645 manu¹
991 1596 1025 1643 u.
1043 1571 1135 1657 Quid
1152 1594 1236 1664 ergo
1247 1571 1397 1667 puellam

270 1694 450 1766 absentem
467 1693 620 1764 retinet?

355 1881 440 1943 Helie
455 1880 612 1958 speculum
628 1898 686 1939 non
701 1880 744 1939 sio
760 1886 911 1939 remorata
923 1883 1037 1951 tuetur,

395 1971 481 2030 Helio
496 1971 575 2029 enim
589 1969 704 2046 speculi
719 1987 777 2028 non
792 1974 860 2044 eget
874 1973 940 2027 arte
954 1968 1021 2044 regi
1036 1989 1044 2026 ε

354 2064 424 2140 Ipsa
439 2062 491 2121 sed
506 2060 536 2118 in
550 2060 628 2120 facie
640 2059 778 2119 dominae
791 2059 937 2136 crystalla
957 2064 1126 2135 morantur,

394 2153 435 2211 lit
448 2168 535 2210 raras
549 2151 682 2227 gaudent
700 2165 824 2208 cernere
839 2147 975 2211 delicias.

322 2323 389 2395 Hic
415 2322 519 2395 ludus
551 2346 715 2394 amoenus
747 2321 901 2416 profecto
931 2329 984 2394 est
1012 2330 1045 2395 et
1069 2323 1201 2395 suavis.
1232 2323 1326 2402 Quas
1353 2321 1396 2393 de

273 2439 398 2511 Helide
413 2439 533 2512 laudes
542 2438 634 2530 fecit,
650 2461 711 2510 eae
729 2449 809 2510 sunt
823 2440 1011 2510 concinnae
1027 2449 1061 2511 et
1080 2439 1285 2534 exquisitae,
1304 2437 1396 2535 quod

272 2555 309 2626 in
328 2555 429 2628 laude
447 2566 480 2628 et
500 2556 716 2627 rarissimum
730 2565 782 2627 est
796 2563 830 2626 et
849 2554 1104 2628 difficillimum.

321 2673 516 2745 Undecima
538 2680 655 2745 autem
683 2671 798 2765 elegia
820 2673 863 2743 de
887 2672 974 2743 Livii
995 2681 1028 2744 et
1049 2671 1163 2745 Ovidii
1187 2670 1392 2765 cenotaphio

273 2797 461 2885 octavaque
485 2788 529 2861 de
551 2790 591 2860 L.
614 2788 729 2860 Validi
751 2789 887 2878 morbo;
919 2811 988 2860 non
1007 2787 1146 2884 quidem
1170 2811 1287 2868 merae
1315 2795 1395 2860 sunt

273 2906 422 2999 elegiae,
454 2905 515 2977 sed
542 2904 664 2998 elegiis
692 2913 805 2976 tamen
835 2912 915 2976 sunt
943 2902 1142 2994 similiores
1169 2904 1296 2999 quippe
1315 2926 1393 2974 cum

274 3020 436 3117 quiddam
457 3020 561 3093 molle
581 3043 620 3092 ac
634 3021 733 3094 triste
748 3021 945 3094 exhibeant.
966 3020 1059 3092 Nam
1082 3029 1231 3092 mortem
1251 3018 1343 3091 Livii
1360 3027 1394 3092 et

274 3138 425 3210 Nasonis
435 3161 505 3209 non
518 3159 617 3209 secus
631 3146 732 3232 atque
743 3136 934 3208 amicorum
949 3135 1006 3207 vel
1019 3137 1292 3233 propinquorum
1302 3135 1391 3208 Beza

274 3253 445 3349 deplorat.
466 3255 505 3325 ln
521 3254 580 3324 illo
595 3277 679 3326 sane
692 3253 871 3326 dolore—
889 3277 1001 3350 neque
1017 3253 1053 3324 id
1066 3262 1118 3325 est
1134 3252 1329 3324 mirandum
1345 3293 1393 3308 -

275 3371 366 3442 inest
388 3371 503 3443 nescio
524 3371 606 3465 quid
626 3369 743 3443 fictum
763 3378 798 3443 et
817 3394 887 3443 non
911 3371 1052 3443 omnino
1078 3371 1269 3463 sincerum,
1292 3378 1393 3466 atque

275 3489 392 3560 statim
422 3509 625 3582 persuasum
647 3486 814 3560 habemus
843 3511 913 3559 non
933 3511 976 3559 ex
1003 3486 1126 3561 intimo
1148 3489 1253 3560 corde
1274 3511 1393 3560 omnes

272 3603 353 3674 illos
371 3603 521 3697 gemitus
539 3603 694 3697 depromi
710 3604 896 3701 oculosque
912 3604 1023 3676 Bezae
1044 3604 1199 3676 lacrimis
1212 3605 1308 3676 veris
1323 3627 1393 3676 non

272 3719 379 3792 fuisse
398 3719 575 3811 madidos3
598 3719 659 3792 sed
683 3744 725 3791 ex
751 3720 922 3815 ejusmodi
945 3721 1182 3816 deploratione
1205 3745 1245 3794 eo
1263 3721 1392 3794 clarius

272 3835 430 3927 intellegi
450 3856 490 3906 ac
506 3835 638 3929 percipi
653 3844 764 3929 potest
779 3859 881 3931 quam
896 3837 1118 3933 antiquorum
1132 3836 1392 3909 amantissimus

273 3963 391 4024 noster
406 3949 509 4022 fuerit
523 3950 725 4046 discipulus,
743 3963 941 4051 quantaque
958 3953 1194 4027 familiaritate
1207 3976 1229 4026 a
1243 3952 1393 4049 pueritia

273 4092 332 4141 eos
346 4075 551 4162 prosecutus
562 4066 618 4139 sit.
633 4067 745 4140 Tanta
757 4067 897 4164 quidem
912 4092 953 4142 ea
967 4093 1043 4142 esse
1058 4069 1197 4143 videtur
1213 4080 1250 4142 ut
1265 4070 1391 4143 Beram

310 4289 320 4324 ¹
340 4289 460 4358 Longius
473 4304 560 4360 neque
572 4290 677 4344 minore
688 4289 831 4348 festivitate
843 4291 973 4361 producta
986 4296 1026 4346 est
1040 4290 1194 4362 descriptio.
