3124 4988
247 426 278 479 86
643 426 691 478 ΒΕ
710 423 978 476 nrmnnnnnnm

248 574 341 646 enim
363 573 528 645 historico
546 572 654 668 digna
677 573 815 644 videtur
835 570 897 643 illa
917 572 1129 666 comparatio
1151 571 1329 644 Francisci
1356 573 1372 644 I

249 701 283 762 et
305 689 420 763 Caroli
450 691 568 776 Quinti
583 713 660 761 cum
691 690 824 760 duobus
849 688 1011 779 solibus¹,
1027 711 1219 782 regumque
1243 688 1375 760 nimius

248 806 405 878 laudator
419 814 471 878 est
483 807 576 878 Boua
586 806 668 878 dum
683 805 765 877 dicit
775 805 890 878 Caroli
900 805 1019 884 Quinti
1030 805 1228 899 praesentia
1240 806 1376 876 caelum

249 955 409 1003 serenum
423 930 527 1002 fierit.
545 931 676 1003 Eadem
694 932 737 1002 de
755 931 799 1001 iis
814 952 902 1026 quae
923 938 1115 1025 sequuntur
1130 929 1194 1000 dici
1216 940 1372 1024 possunt.

249 1048 399 1142 Atropos
421 1047 532 1118 noluit
552 1046 819 1119 Franciscuml
851 1047 973 1135 occidi,
1000 1069 1080 1116 nam
1099 1068 1216 1117 secum
1240 1069 1310 1118 una
1335 1050 1372 1119 in

249 1162 379 1235 inferos
413 1186 472 1236 rex
502 1163 656 1235 duxisset
689 1164 839 1236 Martem
861 1170 896 1233 et
927 1159 1161 1234 Minervam³.
1196 1162 1374 1235 Henricus

250 1279 424 1369 ValesiuS,
442 1289 543 1350 natus
558 1278 760 1373 parentibus
775 1278 903 1350 abhinc
923 1279 1042 1350 decem
1058 1300 1168 1349 annos
1184 1279 1371 1350 matrimo-

251 1397 308 1467 nio
326 1396 470 1489 junctis,
495 1393 607 1466 multo
626 1393 775 1466 validior
797 1395 864 1466 erit
883 1418 986 1491 quam
1005 1394 1175 1467 Hercules
1199 1395 1258 1490 qui
1276 1404 1374 1467 ortus

252 1513 295 1584 sit
313 1513 398 1583 love
415 1511 621 1585 Alcmenam
640 1512 797 1604 amplexo
818 1534 880 1603 per
901 1523 1037 1583 noctem
1059 1520 1112 1582 ter
1131 1511 1271 1603 longius
1290 1536 1372 1605 pro-

252 1627 421 1700 ductant
454 1627 577 1702 Omnia
605 1627 673 1698 isla
702 1627 948 1699 molestissime
979 1626 1162 1716 ferremus
1195 1629 1224 1699 si
1253 1638 1374 1722 poetas

252 1748 363 1817 Bezae
387 1742 547 1838 aequales
571 1743 710 1814 omnino
732 1743 858 1815 similia
877 1744 1063 1838 scripsisse
1089 1743 1334 1837 ignoraremus
1362 1768 1370 1814 :

253 1861 409 1933 reseuim
421 1859 569 1931 libenter
581 1859 1007 1952 dicendoaugent.—Sed
1018 1861 1084 1932 alia
1097 1870 1177 1932 sunt
1190 1861 1373 1954 epigram-

253 1986 343 2049 mata
363 1999 451 2071 quae
476 1983 514 2047 ut
531 1975 641 2068 magis
659 1976 836 2047 moderata
853 1987 944 2064 sunt,
964 1978 1012 2046 sic
1031 1976 1187 2048 meliora.
1214 1977 1306 2050 Nam
1332 2001 1376 2049 ex

255 2117 273 2162 ((
304 2091 576 2185 inauguratione
607 2091 751 2162 Henrici
777 2091 808 2162 ll
840 2115 858 2161 n
891 2092 1019 2163 bonurn
1052 2091 1248 2181 consilium,
1282 2093 1375 2188 quod

252 2208 405 2280 Henrico
425 2208 590 2300 prodesse
610 2216 758 2300 poterat,
781 2196 978 2302 excerpere
997 2206 1090 2279 licet.
1108 2208 1233 2280 Nonne
1247 2209 1283 2279 in
1298 2232 1375 2280 car-

255 2325 357 2408 mine,
374 2324 463 2418 quod
480 2323 685 2395 inscribitur
699 2348 718 2394 (
729 2325 772 2394 de
784 2323 965 2395 Francisci
984 2333 1018 2395 et
1031 2324 1149 2396 Caroli
1164 2324 1312 2396 induciis
1331 2350 1366 2413 u,

252 2462 423 2533 generose
443 2462 545 2532 reges
566 2440 726 2510 hortatur
745 2452 783 2511 ut
803 2463 922 2534 pacem
944 2437 1103 2512 feriant?
1120 2442 1205 2513 Item
1220 2441 1372 2513 laudatio

252 2556 430 2626 Francisci
464 2557 477 2627 Ι
515 2578 600 2627 sane
628 2555 818 2649 probabilis
851 2565 902 2627 est
936 2557 973 2625 in
1006 2557 1257 2652 epigrammate
1283 2582 1302 2628 ((
1328 2558 1373 2630 (13

251 2673 457 2742 Franscisco
473 2671 664 2743 Galliarum
686 2695 770 2764 rege
786 2695 822 2743 u.
840 2672 970 2755 Quodsi
994 2671 1031 2741 in
1046 2673 1249 2744 memoriam
1264 2697 1371 2745 revo-

251 2788 385 2858 caveris
400 2811 467 2882 qua
482 2796 596 2858 aetate
617 2788 708 2860 Beza
731 2789 816 2859 haec
831 2796 989 2882 poemata
1011 2790 1254 2881 composuerit,
1277 2789 1371 2861 haud

251 2928 358 2999 aegre
377 2905 517 2976 laudem
546 2905 720 3000 quandam
740 2912 773 2976 el
803 2904 951 2998 gloriam
980 2905 1192 2978 adolescenti
1223 2907 1370 2979 tribuas.
1399 2915 1405 2928 '

251 3021 519 3123 Concedendum
528 3030 579 3093 est
593 3021 699 3113 igitur
715 3023 853 3093 utBena
866 3021 1029 3115 graviset
1043 3046 1185 3094 severus
1198 3023 1371 3095 interdum

249 3135 407 3208 fueritin
429 3137 472 3209 iis
496 3159 583 3232 quae
602 3160 711 3230 grave
732 3150 765 3209 et
785 3162 946 3210 severum
972 3138 1107 3226 dicendi
1121 3161 1234 3232 genus
1249 3141 1372 3234 requi-

251 3264 383 3341 rerent,
396 3254 540 3347 ideoque
557 3254 705 3348 quodam
721 3256 820 3325 modo
835 3253 1041 3326 laudandus.

298 3371 559 3465 Epigrammata
574 3393 669 3457 vero,
684 3394 771 3463 quae
787 3371 831 3442 ad
846 3379 966 3465 poetae
978 3370 1084 3443 vitam
1098 3373 1269 3465 privatam
1282 3396 1360 3466 per—

251 3486 371 3575 tinent,
396 3485 605 3577 jucundiora
633 3485 737 3557 etiam
758 3496 837 3557 sunt
862 3495 895 3558 et
910 3486 1077 3578 gratiora,
1103 3487 1185 3582 quia
1208 3488 1370 3581 quiddam

284 3750 293 3784 1
313 3752 352 3804 De
366 3751 495 3806 Geminis
509 3751 625 3805 Solibus
638 3753 707 3805 nisis
718 3753 848 3806 Lutetiae
863 3751 1077 3821 Parilisiorum,
1093 3753 1181 3806 Anno
1203 3749 1296 3806 1539.

284 3832 295 3866 ²
314 3833 361 3884 Ad
381 3831 520 3884 Corolum
535 3833 678 3902 quintum,
694 3850 783 3902 quum
799 3834 943 3886 Lutetiam
957 3835 1143 3904 impressurus
1155 3843 1235 3889 esset.

282 3912 294 3945 3
313 3914 352 3964 De
363 3911 461 3964 Morbo
473 3913 621 3965 Francisci
634 3914 786 3968 Gallorum
802 3915 885 3983 liepis
897 3913 1042 3984 saluteque
1056 3932 1122 3968 neom
1134 3915 1182 3969 illi
1195 3915 1319 3969 reddita.

285 3993 294 4027 1
317 3991 520 4046 Genethliacon
536 3995 687 4046 Francisci
714 3993 824 4061 Volesii,
845 3994 968 4048 Henrici
993 3996 1097 4047 Valesii
1122 3996 1288 4050 Galliarum
1302 4000 1372 4052 olim

248 4075 391 4141 Delphini,
403 4082 428 4126 et
443 4074 660 4126 illustrissimae
670 4074 819 4143 Principis
830 4074 1007 4129 Gatharinae
1022 4075 1152 4140 Mediam,
1166 4077 1272 4145 3132-
1282 4077 1369 4134 Multo

244 4154 332 4206 miuus
346 4153 470 4208 servilem
486 4169 514 4207 se
526 4155 647 4223 praebuit
656 4153 683 4206 in
696 4156 816 4208 carmine
830 4155 900 4224 quod
911 4155 1068 4208 inscribitur
1079 4153 1283 4210 Genethliacon
1299 4159 1369 4211 Isa-

246 4234 331 4286 belloe
352 4252 369 4286 3
385 4234 523 4297 Francia,
551 4235 669 4286 Henrici
693 4235 796 4288 Valesii
811 4235 978 4290 Galliarum
993 4238 1060 4288 olirn
1081 4236 1222 4305 Delphini
1232 4247 1259 4291 et
1277 4239 1365 4294 illus-

246 4317 392 4370 trissimae
410 4314 569 4385 Principis,
588 4314 767 4369 Catharinue
785 4316 917 4382 Medices,
932 4317 1019 4386 filiae.
