3124 4988
238 407 270 457 80
671 407 717 458 Dll
733 405 932 458 EPITAPHIIS

288 552 1358 649 ItaqueinepitaphiisplerumqueadeojocaturetluditBeza¹‚

238 680 275 742 ut
285 657 372 769 quae
386 694 468 743 vere
483 671 642 758 senserit,
657 693 745 766 quae
756 681 878 742 contra
891 670 1033 742 finxerit
1049 669 1190 742 difficile
1205 670 1361 764 sitplane

238 788 451 861 discernere.
465 789 572 882 Cujus
586 787 638 858 rei
654 787 768 858 Doleti
794 787 1008 880 epitaphium
1033 786 1221 859 maximum
1247 786 1359 858 docu-

238 913 394 976 mentum
418 901 507 977 erit²
527 931 535 975 :
554 905 592 975 in
611 903 671 975 illo
694 903 790 976 enim
816 903 1026 975 desiderium
1058 911 1092 975 et
1124 902 1358 976 sinceritatem

237 1031 409 1114 invenias,
427 1030 488 1101 sed
508 1051 612 1124 quam
625 1028 730 1121 longe
740 1039 774 1100 et
788 1027 858 1101 alte
876 1028 1039 1123 repetita!
1058 1051 1162 1124 quam
1177 1028 1359 1102 obscurata

239 1157 273 1219 et
296 1146 417 1218 vitiata
437 1145 497 1218 illa
522 1146 657 1217 fictione
672 1147 855 1216 Musarum
876 1167 962 1238 quae
989 1168 1113 1238 rogum
1138 1145 1359 1237 exstinguere

237 1272 406 1334 conentur
418 1272 451 1334 et
467 1263 567 1335 lovis
581 1264 640 1357 qui
655 1261 774 1333 Musas
787 1260 970 1355 prohibeat
990 1285 1033 1333 ue
1057 1285 1178 1334 novo«
1194 1262 1314 1332 colono
1335 1285 1355 1330 u

237 1377 420 1472 Olympum
439 1379 613 1472 privatum
634 1401 711 1449 esse
727 1378 855 1448 velint!

286 1497 401 1579 Quare
412 1495 455 1566 de
464 1493 771 1588 epitaphiisBazae
780 1493 846 1564 hoc
852 1493 1022 1587 judicium
1033 1492 1146 1565 facere
1157 1516 1355 1588 pessuma,

238 1632 292 1699 aa,
325 1632 390 1704 quo
413 1609 576 1680 breviora
596 1608 677 1694 siut,
704 1630 745 1678 eo
774 1631 850 1680 esse
878 1608 1033 1696 meliora,
1054 1608 1199 1703 ideoque
1223 1608 1359 1679 nullum
1459 1639 1464 1648 ·

237 1726 351 1797 exeis
384 1727 664 1820 anteponendum
699 1747 776 1795 esse
808 1723 982 1818 epitaphio
998 1723 1140 1797 Antonii
1162 1725 1354 1810 Pratensis,

236 1840 438 1914 cancellarii
456 1840 601 1923 Galliae,
623 1841 716 1912 inter
731 1840 853 1911 obesos
870 1840 1085 1913 obesissimi:

494 1984 708 2062 Amplissimos
718 1984 768 2042 vir
781 1985 831 2043 hio
841 1988 935 2061 jacet.

270 2192 524 2248 1Psrieotiasimum
540 2189 693 2260 exemplum
720 2196 839 2260 praestat
866 2190 1032 2260 epitaphium
1056 2190 1216 2246 Catharinae
1231 2191 1351 2258 Texaae,

234 2276 267 2329 de
286 2290 339 2344 qua
354 2274 423 2328 Baza
438 2288 529 2327 seeum
549 2271 654 2341 quaerit
672 2279 762 2325 utrum
777 2272 820 2323 vir
834 2269 880 2324 illa
894 2271 976 2325 fuerit
987 2288 1021 2324 an
1036 2271 1144 2326 mulier.

504 2398 650 2451 Ardentem
661 2398 748 2451 medio
763 2413 829 2465 rogo
845 2395 973 2451 Doletum

500 2475 618 2532 Cernens
633 2478 767 2532 Aonidum
779 2478 879 2532 chorus
895 2493 1032 2543 sororum,

501 2557 605 2611 Charus
620 2558 666 2612 ille
680 2559 726 2612 diu
739 2559 838 2612 chorus
853 2556 959 2622 Doleto,

499 2637 584 2692 Totus
597 2640 740 2708 ingemuit,
763 2655 813 2693 neo
825 2637 881 2692 ulla
900 2654 1015 2708 prorsus

498 2719 668 2774 Esororibus
681 2727 721 2774 est
739 2726 847 2789 reperta
859 2719 962 2772 eunctis
965 2756 1021 2774 .....

501 2799 575 2863 Quae
588 2816 641 2854 non
654 2800 696 2854 rel
715 2800 864 2871 lachrymis
878 2799 943 2864 suis,
958 2797 1000 2852 vel
1015 2800 1112 2853 hausta

499 2880 594 2933 Fontis
610 2883 721 2950 Pegasei
741 2883 862 2936 studeret
879 2880 951 2933 unda

502 2959 631 3015 Crudeles
644 2963 708 3016 adeo
726 2964 834 3016 domare
846 2962 977 3014 flammas.

500 3039 534 3092 Et
543 3043 599 3107 jam
619 3048 689 3096 totus
698 3049 757 3098 erat
773 3042 893 3112 sepultus
911 3041 992 3109 ignis,

501 3110 588 3176 Quum
601 3114 675 3170 eaelo
689 3116 803 3169 intonuit
818 3129 929 3168 severus
938 3111 992 3183 alto

494 3192 621 3248 Divomm
640 3204 718 3266 pater
720 3235 778 3253 .....

499 3281 534 3332 nt
547 3284 659 3344 cessate,
673 3278 721 3345 ait,
734 3282 760 3332 et
773 3294 872 3332 novum
886 3278 1011 3335 colonum

494 3368 535 3422 Ne
549 3359 647 3415 diutius
658 3359 774 3412 invidete
787 3357 872 3424 eaelo,

498 3444 607 3503 Caelum
621 3441 660 3494 sie
673 3455 748 3495 meus
763 3439 894 3496 Hercules
912 3443 1015 3512 petivit.
