3116 4978
255 395 290 448 22
490 395 536 447 DE
551 396 728 448 ufluouout
744 396 857 450 BEZAE
874 396 1142 450 ADULESCENTIA

259 566 375 616 nonne
392 544 491 640 quasi
510 545 685 618 sincerum
708 554 743 618 et
766 570 888 619 verum
908 549 1057 617 sonant?
1081 545 1198 617 Liceat
1215 544 1317 616 nobis
1340 544 1377 614 in

261 668 401 733 extenso
417 684 474 734 eas
497 661 667 757 proferre.

313 801 332 846 r<
354 777 539 852 Clamitant
557 777 639 851 boni
653 780 835 874 cacolycae
850 781 924 852 sive
941 779 1152 875 apostaticae
1167 777 1248 850 fidei
1263 775 1380 848 defen-

263 919 281 965 c
309 918 421 985 soree,
442 918 565 989 nempe
587 895 772 968 Ecebolius
793 895 852 968 ille
870 895 1111 969 Balduinus...
1137 904 1171 967 ct
1191 895 1303 966 bonus
1317 894 1380 968 ille

264 1008 516 1082 «fraterculus
549 1010 714 1084 Claudius
740 1012 783 1083 de
815 1012 998 1105 Xainctes,
1031 1014 1157 1086 Bezam
1183 1033 1204 1082 a
1234 1011 1380 1104 pueritia

265 1151 283 1197 c
309 1126 488 1199 imbibisse
498 1128 875 1222 natumimpudicitiam
887 1138 921 1201 et
933 1129 1381 1225 impudentiam,totamquc

262 1270 281 1312 u
310 1251 458 1316 aetatem
480 1244 660 1337 explendis
683 1243 755 1316 suis
776 1243 979 1316 libidinibus
1005 1255 1039 1316 et
1054 1244 1317 1340 cupiditatibus,
1340 1267 1379 1316 ac

263 1387 281 1427 c
310 1360 548 1432 describendis
572 1360 643 1432 suis
664 1360 841 1432 amoribus
856 1360 1050 1459 (agnoscis,
1067 1362 1189 1452 lector,
1207 1360 1381 1433 sorbonici

263 1503 281 1547 c
308 1478 456 1549 oratoris
500 1475 652 1570 ὂεῖνωσιν)
684 1477 833 1573 denique
869 1476 1078 1550 ulciscendis
1110 1476 1281 1549 rivalibus
1310 1476 1381 1548 suis

263 1618 281 1663 u
310 1593 508 1666 exercuisse
539 1619 546 1662 :
570 1617 670 1688 quem
694 1594 797 1664 etiam
816 1595 854 1664 in
885 1593 1119 1684 meretricem,
1141 1595 1179 1664 iu
1199 1593 1328 1684 lenam,
1346 1593 1380 1664 in

265 1734 283 1779 «
310 1708 492 1781 cinaedum
509 1707 992 1804 deniquetransformant1...
1011 1711 1103 1782 (ledo
1122 1733 1205 1782 vero
1228 1733 1236 1780 ε
1256 1709 1381 1805 quibus

264 1851 282 1897 «
310 1825 450 1896 tandem
470 1827 688 1918 argumentis
711 1835 782 1897 tarn
797 1849 925 1920 graves
948 1827 1005 1899 isti
1019 1834 1239 1899 accusatores
1258 1827 1382 1897 nitun-

265 1968 282 2012 (ε
313 1945 390 2012 tur?
410 1941 613 2014 Versiculos
633 1965 727 2014 meos
741 1943 894 2015 citant...
915 1943 1023 2039 Atqui
1043 1941 1191 2038 primdm
1212 1942 1378 2030 omnium,

266 2083 284 2128 c
312 2059 347 2129 in
362 2058 570 2150 tamexiguo
584 2058 702 2129 libello
717 2080 843 2153 paucos
858 2080 942 2151 prae
959 2059 1037 2131 aliis
1051 2059 1239 2130 amatorios
1259 2080 1381 2129 versus

267 2199 285 2243 a
312 2173 502 2263 invenient,
526 2183 561 2244 et
583 2197 642 2245 eos
665 2174 816 2269 quidem,
835 2175 866 2246 si
888 2175 1097 2269 paucissima
1112 2174 1280 2270 quaedam
1302 2173 1380 2268 epi-

268 2297 510 2382 «grammata
547 2291 716 2384 excipias,
762 2290 906 2362 licenter
938 2291 1056 2384 potius
1083 2313 1185 2384 quam
1212 2289 1381 2362 obscoene

268 2430 286 2475 u
315 2405 474 2496 scriptos.
495 2405 534 2475 ln
559 2428 642 2500 quos
658 2406 762 2476 etiam
781 2427 847 2498 age
862 2405 1155 2503 (quandoquidem
1176 2407 1222 2477 ita
1247 2404 1380 2498 volunt)

267 2550 285 2593 c
313 2520 541 2617 inquiramus.
567 2523 719 2594 Uxorem
741 2524 827 2592 mihi
847 2547 886 2595 ea
906 2547 1011 2619 quam
1036 2523 1095 2597 illa
1111 2535 1266 2618 tempora
1286 2525 1382 2596 fere-

303 2781 340 2831 ¹«
355 2781 395 2833 On
409 2779 569 2851 indiquerait
586 2780 647 2850 plus
664 2779 815 2834 facilement
828 2779 898 2834 celui
913 2781 959 2833 des
974 2778 1138 2849 catholiques
1158 2778 1275 2832 romains
1289 2776 1335 2848 qui
1348 2774 1384 2831 l’a

268 2859 347 2915 traite'
367 2877 432 2915 avec
452 2861 478 2914 le
496 2862 556 2931 plus
574 2863 607 2916 de
622 2859 798 2932 moderatim,
820 2878 874 2931 que
897 2860 966 2916 celui
983 2861 1030 2930 qui
1051 2860 1087 2913 l'a
1105 2858 1185 2913 traitd
1203 2874 1268 2912 avec
1286 2856 1312 2912 le
1325 2855 1385 2927 plus

267 2942 299 2996 dc
313 2941 522 3006 colere...‚Muis
540 2945 568 3008 je
586 2957 620 2996 nc
639 2943 712 2995 crois
729 2943 804 3011 point
819 2941 884 3012 qu'il
902 2958 921 3013 y
940 2958 973 2996 en
990 2943 1028 2994 ait
1045 2939 1129 3009 guere
1148 2941 1212 2994 dont
1229 2939 1384 3008 l'emporte-

266 3028 340 3077 ment
353 3023 404 3075 soit
417 3025 489 3076 aussi
502 3021 611 3078 enorme
626 3038 678 3093 que
694 3021 763 3076 celui
777 3023 810 3076 de
827 3021 943 3077 l'auteur
961 3021 1033 3075 de-la
1047 3021 1172 3076 Doctrina
1191 3021 1347 3074 curieuse...
1364 3017 1385 3070 ll

266 3119 300 3156 en
316 3105 356 3156 fut
379 3103 578 3174 publiquement
601 3102 714 3158 censure
732 3119 784 3172 par
799 3119 834 3156 uu
856 3108 952 3156 auteur
973 3099 1142 3170 catholique:
1165 3098 1282 3154 l'affront
1299 3096 1384 3152 luten

264 3184 391 3237 domeure
400 3190 456 3237 tout
464 3183 564 3255 entier3
577 3184 643 3237 mais
653 3183 672 3236 il
687 3181 749 3237 n'cn
762 3190 806 3236 eut
820 3183 895 3252 point
905 3184 937 3236 de
949 3181 1062 3237 bonta.»
1077 3178 1384 3252 (Bayle,Dict.bist.)-

269 3284 282 3314 «
296 3263 349 3316 Th.
365 3264 397 3316 de
417 3263 484 3319 Bere
504 3265 550 3332 qui
572 3268 642 3317 avoit
661 3265 754 3334 uppris
772 3260 799 3316 la
817 3261 965 3332 Theologie
984 3263 1049 3314 dans
1066 3260 1105 3314 les
1119 3259 1268 3330 Priappees
1282 3260 1386 3313 atdans

266 3343 560 3414 lesHendecasyllabes
580 3346 612 3398 de
630 3343 767 3398 Catulle...
785 3364 798 3394 u
828 3344 976 3412 (Doctrine
994 3344 1168 3407 curicuse...)
1196 3341 1269 3394 ldem
1291 3341 1386 3394 Beuum

268 3425 386 3498 appellat
401 3445 414 3475 u
430 3425 505 3488 idiot,
521 3427 609 3490 butor,
622 3425 703 3478 bulfle
718 3445 744 3494 r,
765 3424 886 3493 loquitur
901 3425 934 3478 de
949 3441 997 3476 sua
1016 3442 1030 3472 c
1046 3421 1184 3492 stupidite‚
1201 3419 1317 3474 stolidite
1332 3439 1346 3470 υ
1362 3427 1388 3474 et

268 3523 329 3560 euru
344 3513 452 3558 accusat
465 3506 536 3574 quod
549 3505 667 3558 detraxit
683 3523 697 3555 u
713 3520 765 3558 une
778 3503 884 3558 cuillier
898 3502 1037 3572 d'argent!
1057 3521 1071 3552 υ
1091 3503 1163 3555 ldem
1176 3501 1301 3564 (iurasse,
1316 3501 1386 3565 ibid,

267 3588 330 3653 289,
347 3585 464 3654 appellat
477 3588 573 3638 Bezam
589 3587 732 3653 tropicum
745 3585 910 3654 capricorni
924 3583 1117 3653 Calvinumque
1126 3585 1268 3651 tropicum
1278 3582 1387 3645 cancri,

269 3688 282 3718 c
298 3685 344 3720 car
358 3665 412 3719 l'un
426 3667 497 3719 avoit
510 3668 556 3719 des
568 3665 698 3719 chencres
708 3666 773 3718 dans
789 3667 815 3718 la
831 3671 905 3729 teste,
922 3670 948 3718 et
961 3663 1057 3717 l'autre
1072 3671 1192 3717 monstre
1206 3678 1256 3731 par
1266 3660 1291 3716 la
1302 3659 1387 3731 de'po-

267 3750 346 3802 sition
366 3748 398 3801 de
416 3765 446 3800 sa
464 3747 581 3800 Candide
597 3743 662 3816 qu'il
689 3745 788 3814 portoit
810 3744 849 3798 les
874 3745 1015 3812 enseignes
1038 3744 1073 3796 du
1099 3743 1262 3815 Capricorno
1277 3761 1302 3799 u.
1328 3743 1388 3796 Non

267 3829 354 3882 minus
365 3829 536 3883 vehementer
547 3825 625 3882 amici
636 3828 720 3881 Bezae
735 3826 959 3880 conviciatoribus
971 3824 1175 3895 respondebant.
1189 3823 1229 3878 Gt.
1247 3823 1285 3876 In
1300 3824 1389 3876 Beso-

269 3913 418 3980 masttpac.

446 4035 542 4088 Bezam
555 4033 726 4102 persequitur
739 4031 856 4101 superba
866 4031 954 4096 turba,

447 4115 543 4169 Bezam
559 4112 731 4184 persequitur
741 4120 868 4182 proterva
883 4112 972 4183 turba,
985 4117 1037 4166 etc.
1049 4110 1094 4180 (3⁵
1106 4112 1165 4181 cd.)

302 4238 340 4292 De
353 4235 409 4290 illis
427 4233 547 4288 moribus
569 4234 608 4302 cf.
633 4230 730 4284 Nisard
750 4246 757 4283 :
776 4232 814 4284 tes
837 4229 1028 4284 Gladiatcurs
1047 4230 1082 4282 de
1100 4229 1130 4283 tu
1149 4227 1326 4302 Re'pudtique
1340 4229 1388 4286 des

269 4319 386 4384 Lettres‚
402 4323 428 4370 et
437 4313 621 4378 Burckhardt‚
638 4312 659 4376 1,
677 4311 707 4366 3Β
720 4329 748 4385 p.
764 4328 824 4384 cap.
840 4310 891 4367 xl.
