3124 4988
522 405 530 416 ”
640 396 687 450 ΒΕ
701 397 835 450 sonans
1269 403 1301 453 55

177 557 209 620 et
225 546 385 619 flosculos
405 555 440 618 et
449 545 624 638 igniculos
640 553 674 616 et
684 567 829 617 acumen
843 555 878 618 et
891 542 1118 619 subtilitatem
1133 556 1167 620 et
1185 550 1301 622 omnia

176 663 326 758 denique
364 661 532 756 ejusmodi
560 670 765 733 ornamenta
793 661 1010 758 virtutesque
1038 662 1116 735 aliis
1149 665 1300 758 probare

177 779 306 872 possit3
329 778 391 850 sed
409 777 561 849 dolorem
583 788 617 848 et
632 777 904 851 misericordiam
932 789 1036 876 atque
1067 782 1197 853 amoris
1215 807 1301 878 pro-

177 898 333 979 bitatem,
352 917 438 990 quae
454 894 593 990 quidem
603 895 745 988 generis
764 896 906 989 propria
921 906 1016 986 sunt,
1035 921 1077 970 ex
1092 898 1154 971 illo
1169 897 1301 973 frustra

175 1012 410 1107 requiramus,
434 1010 472 1082 Si
499 1010 575 1105 quis
592 1017 777 1104 poetarum
806 1009 991 1081 latinorum
1011 1011 1068 1083 vel
1091 1013 1302 1086 mediocrem

178 1128 336 1200 notitiam
351 1126 468 1215 babel,
484 1127 515 1197 ei
533 1126 666 1220 legenti
681 1127 791 1198 Bezae
806 1126 962 1199 carmina
981 1128 1024 1199 de
1051 1129 1174 1224 quibus
1200 1131 1301 1202 nobis

177 1267 270 1317 nunc
284 1265 400 1314 sermo
415 1249 468 1313 est
482 1240 582 1313 facile
600 1241 666 1314 erit
682 1240 959 1314 animadvertere
971 1243 1070 1315 illum
1087 1245 1124 1316 in
1138 1246 1301 1339 operibus

178 1359 314 1448 Catulli,
342 1356 487 1446 Tibulli,
511 1356 698 1452 Propertii,
726 1356 841 1428 Ovidii
860 1357 1007 1430 multum
1035 1359 1189 1433 studium
1213 1387 1300 1435 con-

178 1475 389 1571 sumpsisse¹
415 1480 449 1544 et
478 1496 522 1544 ex
550 1472 775 1566 eisplurima
802 1473 839 1543 in
859 1495 919 1544 sua
949 1476 1181 1566 transtulisse,
1207 1503 1296 1574 quae

214 1705 272 1762 1Ut
282 1721 377 1760 verum
391 1703 489 1768 dicam,
500 1702 590 1756 omnia
602 1700 644 1755 vel
658 1702 769 1754 minima
780 1703 813 1755 ab
827 1703 945 1772 antiquis
960 1701 1110 1771 elegiarum
1125 1706 1302 1774 scriptoribus

176 1793 312 1840 mutuatus
325 1791 365 1840 est
379 1786 457 1838 Beza.
474 1783 598 1852 Longum
612 1788 654 1836 est
673 1798 719 1837 eas
739 1782 901 1836 imitationes
920 1785 953 1836 in
976 1793 1089 1838 coetaneo
1113 1787 1248 1856 proferre,
1269 1787 1302 1850 de

178 1868 274 1938 quibus
288 1872 333 1920 aut
349 1869 407 1936 jam
428 1865 545 1918 diximus
560 1869 605 1916 aut
623 1863 695 1916 infra
715 1863 844 1920 dicemus.
860 1863 943 1916 Nobis
960 1864 1006 1918 bic
1025 1866 1089 1918 satis
1110 1867 1144 1918 sit
1164 1867 1302 1920 affirmare

176 1950 275 2004 Bezam
287 1963 339 2000 non
351 1945 430 1999 aliter
449 1950 529 2014 atque
542 1943 711 1998 aliosfecisse
728 1944 774 2012 qui
791 1942 853 1996 illas
871 1944 1030 1998 imitationes
1049 1946 1100 1998 sibi
1119 1963 1227 2015 semper
1239 1946 1302 2016 glo-

176 2029 238 2082 riali
251 2029 315 2082 sint.
333 2044 347 2077 ιι
362 2026 412 2079 Les
427 2025 643 2094 contemporains
657 2025 690 2077 de
704 2023 806 2094 Magny
820 2039 853 2077 ne
865 2025 1006 2093 prenaient
1017 2023 1105 2079 meme
1121 2043 1169 2094 pas
1183 2026 1209 2079 la
1224 2028 1302 2096 peine

177 2111 210 2164 de
224 2106 349 2178 de'guiser
366 2107 441 2160 leurs
462 2111 609 2177 emprunts.
636 2103 672 2158 lls
693 2103 814 2173 pillaient
831 2121 893 2157 sans
915 2103 1025 2158 reserva
1047 2105 1163 2174 Virgile,
1183 2107 1300 2173 Horace,

177 2189 290 2254 Catulle,
302 2189 395 2252 Ovide‚
410 2186 537 2251 Homine,
551 2185 681 2240 Pindare.
699 2183 736 2237 Ils
750 2185 889 2238 mettaient
905 2183 992 2238 meme
1009 2185 1124 2256 quelque
1136 2189 1302 2256 coquetterie

176 2274 192 2325 a
207 2270 303 2324 laisser
316 2269 426 2324 deviner
439 2266 476 2321 tel
490 2283 526 2320 ou
543 2265 580 2320 tel
595 2266 627 2318 de
646 2265 720 2319 leurs
734 2266 873 2318 scuvenirs
887 2265 1033 2336 classiques
1047 2268 1063 2319 d
1077 2267 1124 2336 qui
1139 2267 1178 2320 les
1194 2266 1303 2323 lisait...

175 2351 221 2407 Un
241 2350 295 2404 bon
312 2351 467 2402 traducteur
481 2345 545 2400 etait
562 2345 635 2417 prise
655 2362 759 2400 comme
779 2363 816 2399 uu
835 2345 960 2415 original.
978 2366 991 2397 ι)
1011 2345 1121 2418 (Favre,
1140 2347 1245 2402 Olioier
1266 2350 1302 2402 de

176 2433 297 2500 Maqny,
311 2448 339 2500 p.
359 2427 434 2498 163.)
449 2459 486 2488 -f
506 2446 521 2480 u
540 2427 652 2480 Αιιιιιιιθ
666 2426 757 2491 si‘ecle,
773 2425 812 2480 les
827 2425 886 2495 plus
905 2443 1003 2494 graves
1018 2444 1211 2498 personnages,
1228 2429 1295 2482 dans

175 2512 236 2566 leur
250 2512 321 2565 culte
334 2512 366 2564 de
380 2507 538 2578 l’antiquite‚
554 2507 685 2560 imitaient
694 2509 710 2560 a
719 2505 948 2560 l'enviAnacre'on
958 2515 984 2560 et
998 2507 1110 2562 Catulle.
1127 2529 1141 2559 a
1158 2507 1299 2580 (Feugera

118 2655 121 2660 ,
177 2595 217 2647 les
229 2594 359 2646 Femmes
373 2593 491 2660 poetes.)
505 2590 544 2644 Cf.
566 2589 646 2642 etiarn
664 2587 843 2652 Burckbardt,
868 2590 896 2640 la
913 2587 1091 2642 Cicilisction
1109 2606 1145 2643 en
1167 2589 1251 2642 [tatia
1263 2606 1302 2642 aee

177 2685 266 2744 terrcps
288 2675 322 2726 de
350 2673 379 2724 la
402 2673 600 2732 &edissenae
624 2669 645 2732 1,
667 2685 726 2739 cap.
751 2685 786 2740 ¹3
810 2669 934 2734 Buisscn,
959 2666 1106 2722 Se'bastien
1124 2669 1301 2745 Castelliort3

175 2755 269 2825 Dejob,
287 2755 392 2822 Muret,
409 2751 489 2816 1881,
504 2757 556 2804 etc.
573 2780 608 2788 -
624 2749 675 2813 Qui
689 2755 779 2802 autem
793 2747 911 2802 voluerit
928 2747 1028 2801 clarius
1047 2749 1128 2802 etiam
1142 2747 1302 2817 intellegere

177 2836 309 2908 quomodo
322 2841 415 2904 poetae
429 2834 476 2903 qui
490 2831 671 2887 sextodecimo
685 2830 792 2884 saeculo
811 2831 961 2884 floruerunt
978 2831 1103 2900 antiquos
1120 2830 1217 2884 imitati
1237 2830 1300 2895 sint,
1320 2861 1323 2867 Δ

177 2933 287 2970 carmen
305 2914 432 2968 Borbcnii
454 2915 483 2966 in
506 2913 604 2982 Napis
627 2909 689 2981 (lv,
710 2909 756 2982 39)
780 2913 857 2978 cujus
882 2916 922 2964 est
944 2911 1075 2964 initium:
1098 2929 1112 2963 u
1136 2911 1302 2978 (laudatae

177 2999 298 3053 Veneres
324 2997 521 3066 Cupidinesque
543 3013 557 3046 >›
579 2993 711 3063 perlegat,
750 3000 830 3062 atque
862 2993 1007 3064 praecipue
1036 2992 1103 3047 illud
1126 2993 1225 3047 Mureti
1247 2994 1303 3064 epi-

177 3095 319 3148 gramma:

388 3176 541 3230 Curandum
550 3190 610 3228 esse
621 3174 717 3228 hiemis
726 3179 846 3243 ternpore
862 3171 1015 3225 cuticulam.

356 3278 452 3344 lngere
466 3273 540 3340 ligna
555 3274 613 3328 socc
628 3289 634 3325 :
651 3274 692 3326 vis
707 3271 820 3340 frigoris
834 3287 933 3340 aspera
947 3271 1040 3326 saevit.

409 3354 459 3408 Eia
471 3369 522 3421 age
534 3355 599 3423 quid
614 3351 735 3406 dubitas?
751 3354 845 3419 ingere
859 3351 933 3419 ligna
947 3350 1017 3405 foco.

355 3437 416 3491 Non
429 3435 517 3500 audis,
529 3441 628 3503 quanto
639 3434 740 3487 Boreas
754 3432 900 3485 bacchetur
914 3430 1008 3487 hiatui

408 3517 503 3570 Nonne
519 3515 603 3576 vides,
615 3513 699 3566 multa
713 3519 742 3566 ut
753 3515 810 3582 jam
822 3513 882 3565 nive
897 3519 975 3566 canet
985 3511 1101 3566 humus?

355 3598 473 3668 Aspicis,
488 3601 518 3648 ut
532 3600 637 3648 veteres
652 3593 796 3647 viduentur
811 3593 950 3645 frondibus
963 3591 1046 3646 ornil

410 3676 514 3744 Cernis,
531 3681 560 3727 ut
574 3674 688 3727 amissas
702 3671 771 3726 silva
783 3679 915 3743 queratur
926 3671 1008 3741 opes?

356 3758 462 3824 Cernis,
477 3761 504 3810 et
517 3761 547 3809 ut
561 3755 640 3824 pigro
658 3753 806 3808 lentescant
821 3768 957 3806 marmore
972 3753 1041 3808 rivi?

409 3837 454 3891 Me
467 3835 572 3906 gelidus
586 3834 648 3888 totis
662 3835 773 3887 artubus
787 3834 886 3887 horror
901 3832 993 3889 babet.

357 3920 439 3973 Ferto
448 3933 508 3985 age,
520 3918 588 3969 lertc
602 3915 655 3968 huc
666 3916 737 3982 vina,
750 3931 817 3984 puer
829 3913 995 3985 cyathosque
1010 3931 1131 3984 capaces,

410 4001 479 4053 Ante
493 3998 583 4050 focum
596 4011 702 4049 mensas
714 3995 877 4066 explicuisse
894 3997 980 4064 juvat.

355 4081 414 4134 Jam
429 4079 501 4132 tristi
520 4076 621 4131 caelum
637 4076 769 4140 astionis,
782 4078 839 4145 jam
853 4073 961 4127 nubilus
975 4075 1022 4127 aiir

409 4161 504 4213 Omnia
517 4159 670 4212 concutIens
685 4173 734 4210 nos
745 4160 818 4210 vetat
831 4157 871 4208 ire
881 4156 963 4211 foras.

357 4244 430 4311 Ergo
442 4239 513 4294 domi
528 4237 646 4292 inclusos
662 4238 741 4304 genio
755 4235 895 4303 indulgere
909 4251 1018 4289 necesse
1033 4242 1082 4302 est,

413 4321 473 4374 Mos
488 4321 564 4374 datus
578 4334 594 4370 a
608 4318 707 4388 priscis
717 4323 746 4370 ut
758 4323 879 4370 teneatur
894 4317 959 4370 avis.
