3116 4978
253 403 286 456 42
721 403 767 456 ΒΕ
783 404 906 458 SYLVIS

301 548 354 622 Ac
386 547 551 646 primum,
580 550 660 646 quia
688 549 856 623 eroticum
884 561 1131 646 argumentum
1151 558 1239 640 erat,
1268 551 1375 638 Beza,

253 666 407 739 omnium
443 666 650 738 ereticorum
689 676 869 760 poetarum
900 690 1014 756 more,
1049 667 1215 742 Amorem
1248 665 1379 740 inducit

255 782 376 856 orbem
387 791 561 857 terrarum
578 783 858 878 percurrentem¹
876 807 885 855 ε

333 957 426 1018 Forte
440 957 607 1036 pererratis
621 957 705 1018 eaelo
718 963 862 1035 terraque
882 958 1020 1036 marique

333 1047 515 1119 aleremur,
531 1064 635 1107 sacrae
649 1047 778 1107 Iudaeae
801 1046 932 1106 callidus
948 1048 1037 1107 urbes

332 1136 692 1286 rlrlpppblapltgnplharetraque
705 1137 809 1198 minax
828 1136 1041 1214 flammataque
1059 1145 1179 1216 gestans

303 1399 386 1490 Sed,
407 1400 629 1497 quantumvis
644 1400 688 1472 sit
706 1399 805 1490 deus,
821 1399 858 1471 id
873 1409 927 1474 est
941 1402 1171 1498 omnipotens,
1194 1425 1265 1475 uon
1277 1425 1377 1475 secus

255 1541 296 1591 ac
315 1516 429 1614 quivis
444 1515 551 1588 miser
568 1515 681 1590 viator
696 1515 859 1588 domicilii
879 1527 981 1611 eget:

512 1698 638 1774 Jamque
652 1696 815 1774 hospitium
834 1699 995 1776 sedemque
1009 1700 1130 1778 petebat

333 1805 493 1866 Venturae
513 1803 605 1865 uooli.
964 1813 968 1824 '

303 1979 389 2052 Cum
408 1985 524 2050 autem
552 1976 689 2049 nullum
715 1977 761 2050 sit
779 1976 903 2050 Amori
925 1977 1134 2050 domicilium
1160 1979 1227 2050 uisi
1251 2001 1378 2074 corpus

253 2095 456 2182 femineum,
474 2092 534 2165 ille
557 2093 749 2167 Bethsahes
763 2117 890 2190 corpus
904 2093 1022 2188 elegit.
1046 2095 1092 2167 Et
1107 2106 1202 2169 recte
1217 2093 1373 2191 quidem,

253 2237 333 2285 cum
349 2210 444 2283 nulla
455 2210 640 2284 formosior
650 2217 684 2282 et
696 2211 831 2304 gratior
841 2210 1004 2284 hahitatio
1018 2211 1172 2284 inveniri
1182 2211 1349 2308 potuisset
1366 2237 1374 2283 :

335 2387 469 2445 Tandem
483 2384 520 2444 ad
536 2383 688 2444 Bersabee
702 2381 855 2441 convertit
869 2382 984 2442 lumina
1002 2381 1141 2457 formam,

336 2476 376 2534 Et
390 2489 461 2532 mox
475 2478 536 2532 tam
554 2489 641 2532 rarae
656 2472 778 2532 mortali
793 2471 823 2531 in
839 2488 967 2548 corpore
980 2472 1064 2531 dotee

336 2564 481 2666 Miratus,
493 2562 669 2638 viridesque
683 2562 788 2621 oculos
802 2561 992 2638 frontemque
1005 2567 1156 2638 patentem

333 2655 573 2730 Purpureusque
588 2668 680 2729 geuaa
690 2651 810 2727 pulchri
822 2656 853 2710 et
871 2650 1046 2710 discrimina
1061 2652 1137 2724 nasi,

362 2857 519 2927 Diviuieque
535 2853 630 2927 procul
647 2854 720 2909 curie
730 2859 852 2909 avertere
867 2855 998 2910 mentem?

360 2939 473 2993 Dixerat
487 2937 584 3002 iratus,
593 2935 774 3007 pharetraque
792 2935 929 2989 accinctus
943 2942 1054 3003 ereren,

362 3019 483 3074 Tandem
501 3017 533 3070 ad
551 3015 683 3070 Bersabee
701 3016 834 3069 convertit
852 3015 951 3069 lumina
970 3016 1069 3083 vultus,

363 3098 507 3161 Bersabee,
528 3112 582 3167 qua
604 3112 658 3150 nou
678 3095 823 3150 formosior
848 3095 934 3148 altera
952 3105 1062 3150 cunctae

364 3179 493 3233 leucidum
508 3176 621 3248 populos
633 3177 705 3231 iuter
719 3181 859 3230 numerata
874 3175 988 3246 puellas,

360 3259 412 3314 Sed
431 3259 573 3327 conjuncta
585 3257 654 3320 viro,
671 3263 698 3311 et
716 3262 803 3309 mater
821 3257 879 3326 jam
898 3255 978 3324 digua
999 3257 1095 3313 videri.

365 3341 398 3393 Et
412 3355 475 3392 mox
491 3344 544 3390 tam
559 3354 672 3394 rarae...

291 3423 329 3474 1ι(
350 3423 390 3476 οη
407 3426 535 3474 trouvera
549 3434 601 3488 que
615 3417 704 3474 c’etait
721 3419 748 3472 la
764 3435 816 3473 une
828 3418 1020 3485 introducam,
1036 3435 1071 3474 au
1087 3421 1174 3474 moine
1193 3420 1318 3488 drenge,
1330 3435 1382 3472 aux

256 3504 352 3558 chante
362 3500 497 3573 penitents
511 3500 543 3554 de
556 3500 651 3566 David,
667 3500 734 3552 maia
749 3498 801 3554 elle
814 3504 855 3553 eet
869 3515 905 3552 uu
921 3499 999 3552 reflet
1015 3515 1089 3555 assez
1108 3500 1189 3556 fidele
1202 3503 1235 3556 de
1247 3500 1274 3554 la
1286 3499 1383 3555 double

256 3585 380 3640 vocation
394 3581 510 3652 qu'avait
521 3578 676 3635 commenee
685 3583 701 3633 a
711 3577 873 3649 developper
887 3595 921 3633 eu
937 3579 1004 3634 the
1018 3597 1068 3634 eon
1077 3578 1250 3652 precepleur.
1262 3579 1383 3634 chrdtieu

255 3662 399 3719 reneuvele
414 3667 440 3716 et
457 3658 537 3714 lettre
551 3657 649 3714 erudit.
668 3659 752 3714 Notre
773 3659 849 3728 poete
864 3676 881 3713 a
895 3657 1004 3714 reconte'
1017 3660 1127 3715 ailleura
1147 3677 1208 3733 que,
1223 3661 1338 3732 pendant
1356 3659 1383 3714 la

254 3743 390 3816 premiere
410 3757 511 3810 guerre
534 3740 567 3794 de
594 3739 719 3810 religion,
735 3755 771 3793 ou
793 3746 887 3792 trouva
911 3739 999 3811 parmi
1025 3739 1065 3794 les
1086 3740 1205 3812 reliquae
1228 3742 1262 3794 de
1282 3740 1381 3807 Teura,

255 3819 402 3880 euehassee
426 3821 492 3874 dana
510 3837 562 3875 uue
585 3821 672 3884 croix,
688 3836 740 3873 une
758 3819 829 3874 helle
845 3823 944 3888 agathe
965 3839 978 3872 a
995 3817 1030 3873 oh
1050 3837 1079 3874 ee
1100 3825 1191 3892 voyait
1208 3819 1297 3875 taillee
1320 3819 1384 3874 d’uu

255 3902 387 3973 siugulier
408 3917 527 3969 ouvrage
546 3900 572 3955 la
591 3899 684 3955 deesse
706 3899 797 3954 Vinus
813 3915 881 3954 ‘avec
901 3917 937 3954 uu
958 3901 1018 3954 dieu
1042 3901 1119 3955 Mara
1137 3900 1213 3956 arrae
1229 3909 1257 3954 et
1277 3901 1383 3971 Cupido

255 3992 332 4040 entre
351 3983 432 4046 deux,
448 3998 513 4036 avec
537 3998 574 4035 un
598 3996 724 4035 morceau
747 3980 780 4033 de
798 3980 856 4035 hoie
876 3996 961 4050 rouge
981 3980 1063 4051 qu’ils
1081 3981 1194 4035 dieaieut
1213 3982 1246 4034 de
1264 3980 1291 4033 la
1308 3982 1384 4036 vraie

256 4065 335 4121 croix
350 4083 377 4117 u·
397 4062 469 4117 C'est
488 4063 549 4117 bien
565 4061 592 4116 la
609 4061 635 4116 la
651 4060 823 4115 renaiarance
836 4061 997 4115 euehaeeant
1015 4058 1166 4133 l'autiquitd
1185 4061 1298 4132 paienne
1316 4062 1384 4115 dane

198 4181 202 4189 -
256 4145 282 4201 le
297 4144 513 4215 christianiem03
526 4143 592 4198 e'eat
604 4141 714 4212 l'image
727 4142 799 4194 aussi
812 4143 846 4195 de
861 4140 886 4196 la
896 4142 1014 4196 reforme
1024 4140 1175 4198 elle-meme
1189 4141 1306 4197 charles
1320 4157 1386 4212 pre-

258 4227 341 4280 miere
350 4222 446 4279 lettre'e
460 4224 506 4294 qui
520 4223 734 4289 l’accueillirent‚
746 4221 807 4278 etle
820 4223 893 4277 Nohl
908 4224 941 4276 de
952 4224 1021 4278 Beze
1035 4221 1104 4277 u'eet
1115 4239 1163 4293 pas
1176 4230 1254 4278 autre
1263 4222 1354 4279 chore.
1367 4240 1381 4274 u

259 4305 387 4380 (Sayoua,
404 4303 425 4370 l,
440 4303 519 4376 279).
