3116 4978
270 412 301 465 311
743 415 789 466 Du
805 414 927 466 SYLVIS

352 560 859 621 (11111111111111111111111111111111
877 563 977 633 turba,
994 559 1116 638 periclis

336 650 415 710 ¹Nec
430 651 554 710 nimium
577 650 745 727 stupefacta
759 652 832 722 suis,
856 669 910 710 nec
925 657 1060 727 tempore
1075 651 1152 711 duro

349 738 521 800 Pollicitam
539 740 673 800 fractura
694 740 783 800 tidem
801 761 808 798 t
827 759 895 818 pars
910 747 1036 818 apparat
1046 759 1143 810 enses,

280 853 283 858 ¹
348 831 425 890 Pars
447 832 566 890 domino
578 831 705 902 assistit,
721 850 869 908 caecaque
879 834 1007 909 ambage
1022 831 1142 890 viarum

349 919 488 980 Lecticae
499 920 673 998 impositum
687 921 801 980 ducunt
804 965 867 992 .....

319 1094 435 1167 Paene
449 1094 534 1167 haec
554 1093 690 1166 infinita
719 1106 824 1182 sunt;
860 1096 921 1167 sed
941 1096 1081 1168 ubinam
1102 1096 1259 1188 gentium
1288 1117 1396 1189 repe-

271 1209 380 1282 riatur
407 1210 438 1280 is
470 1208 681 1282 declamator
707 1210 765 1305 qui
789 1221 912 1304 sponte
933 1234 996 1284 sua
1021 1211 1237 1284 occasionem
1256 1211 1389 1281 vitave-

271 1327 318 1397 rit
329 1326 420 1398 unde
434 1326 684 1421 descriptiones
713 1325 878 1398 mirificas
894 1371 941 1381 —
971 1350 1032 1398 sua
1054 1326 1193 1422 quidem
1211 1326 1394 1397 existima-

273 1443 641 1537 tione-expromere
660 1447 803 1536 possett
1064 1525 1068 1534 .

322 1562 408 1632 item
422 1581 526 1655 quam
539 1558 665 1651 frigida
679 1568 732 1631 est
746 1560 806 1631 iila
821 1559 1032 1654 comparatio
1048 1560 1196 1631 oratoris
1208 1558 1393 1653 magnifico
1408 1565 1413 1574 '

274 1686 443 1771 apparatu
457 1693 491 1748 et
509 1676 622 1770 specie
642 1697 764 1748 causas
780 1676 817 1746 in
833 1675 907 1747 soro
925 1673 1144 1748 defendentis
1162 1699 1305 1771 reosque
1316 1698 1398 1746 ser-

274 1793 387 1866 vantis
401 1815 478 1865 cum
490 1794 683 1886 proscripto
692 1791 860 1864 Cicerone
871 1793 1005 1863 tristem
1018 1815 1200 1863 servorum
1210 1814 1397 1886 paucorum

276 1932 429 1999 manum,
441 1908 670 2004 pavidamque
685 1916 720 1980 et
738 1916 957 1997 trementem,
970 1909 1208 1980 tantummodo
1222 1909 1372 1979 habente
1387 1911 1394 1976 1

277 2026 345 2098 Sed
371 2025 458 2096 nihil
483 2025 647 2121 putidius,
671 2024 759 2096 nihii
782 2024 962 2096 horridius
986 2048 1063 2096 esse
1087 2033 1201 2120 potest
1228 2025 1293 2096 hoc
1308 2024 1396 2098 loco.

277 2142 371 2214 Ense
395 2141 527 2231 stricto,
560 2140 759 2212 Herennius
794 2142 903 2212 adest.
936 2141 1037 2236 Apud
1064 2141 1200 2214 Livium
1221 2141 1304 2212 satis
1339 2139 1398 2212 iila

278 2282 340 2352 per
350 2281 386 2330 se
398 2257 593 2353 eloquentia
604 2268 731 2328 sunt:«
744 2257 962 2328 Prominenti
972 2280 1013 2329 ex
1023 2257 1143 2330 lectica
1153 2257 1400 2351 praebentique

278 2375 457 2446 immotam
472 2375 643 2446 cervicem
653 2385 755 2468 caput
766 2373 962 2467 praecisum
974 2382 1038 2445 est.
1053 2398 1070 2444 11
1081 2374 1177 2446 Haeo
1188 2385 1240 2445 est
1254 2381 1401 2444 venusta

279 2490 480 2585 simplicitas
518 2487 663 2584 ideoque
705 2488 909 2560 mirabilior.
955 2488 1061 2582 Apud
1097 2490 1223 2561 Bezam
1266 2489 1401 2560 Tullius

280 2607 438 2679 meminit
480 2628 517 2676 se
556 2605 729 2700 quondam
755 2603 861 2676 fuisse
902 2614 1075 2677 oratorem
1119 2603 1401 2677 facundissimum

281 2723 435 2795 omnium
463 2745 549 2818 quos
564 2722 678 2794 Roma
689 2745 841 2817 unquam
855 2722 1003 2793 audierit
1017 2743 1025 2815 3
1043 2723 1160 2818 itaque
1175 2720 1344 2816 perlonge
1369 2729 1403 2794 et

281 2838 412 2912 insulse
438 2838 579 2910 disserit
604 2860 644 2910 ac
668 2840 837 2933 queritur,
865 2847 903 2909 ut
931 2839 1014 2908 olim
1042 2838 1164 2930 regina
1188 2838 1278 2909 Dido
1298 2860 1402 2931 super

283 2977 420 3049 rogum,
463 2955 526 3026 sed
568 2976 638 3026 non
680 2965 864 3048 antequam
906 2955 993 3025 haec
1026 2953 1243 3026 incredibilia
1285 2977 1402 3026 secum

282 3071 494 3166 cogitaverit
512 3095 520 3140 :

365 3281 443 3353 Quid
464 3281 572 3340 faciat?
587 3297 658 3339 num
672 3281 752 3341 forte
765 3300 869 3342 manus
884 3285 1044 3359 protendat
1060 3285 1191 3345 inermes

364 3372 426 3431 Aut
446 3371 585 3429 mercede
607 3375 690 3450 petat
703 3371 839 3431 veniamt
855 3390 925 3431 num
939 3372 1062 3433 flectere
1077 3376 1179 3435 verbis

364 3460 485 3520 Defensi
501 3462 650 3536 quondam
664 3468 789 3522 conetur
808 3462 913 3522 militis
932 3462 1012 3522 irast

334 3633 430 3716 Quae
451 3639 523 3702 tam
540 3631 707 3706 indecora
726 3642 805 3705 sunt
821 3645 857 3707 ut
872 3637 962 3708 Beza
976 3640 1051 3731 ipse
1071 3639 1219 3733 quodam
1240 3641 1340 3712 modo
1362 3663 1404 3714 ea

285 3748 502 3822 damnaverit
517 3771 706 3846 eorumque
720 3750 833 3845 ipsum
848 3753 1058 3847 poenituerit
1076 3778 1084 3824 :

366 3925 448 3983 Haec
462 3930 543 3983 aetas
558 3924 717 4000 virtusque
731 3931 845 3996 vetant,
867 3930 895 3984 et
909 3933 1030 4002 pectore
1049 3928 1079 3987 in
1093 3929 1154 3988 alto

365 4013 459 4072 Fixus
475 4030 559 4072 amor
574 4015 690 4090 patriae
705 4015 877 4093 Romaeque
892 4016 1025 4076 cadentis
1044 4017 1156 4096 imago.

336 4192 404 4263 Sed
427 4199 555 4286 quanto
570 4189 678 4261 satius
697 4198 789 4262 esset
808 4188 962 4262 Tullium
977 4212 1021 4261 ne
1036 4189 1252 4284 expressisse
1267 4190 1408 4285 quidem

288 4330 329 4380 ea
345 4329 432 4402 quae
453 4330 522 4380 non
537 4305 638 4379 modo
654 4306 803 4397 inutilia,
822 4306 883 4377 sed
899 4305 1003 4378 etiam
1018 4305 1200 4378 inhonesta
1220 4305 1302 4378 111111
