3124 4988
243 425 275 486 84
640 425 685 481 ΒΕ
703 425 972 482 EPIGRAMMATIS

243 577 449 676 grammatis
469 577 609 668 longius
636 588 718 649 sunt
744 577 912 672 producta
932 586 1035 671 atque
1064 577 1282 671 perfectiora,
1302 577 1370 650 etsi

244 696 394 793 aliquam
410 693 636 766 subtilitatem
653 693 815 766 retinent.
831 695 999 765 Libenter·
1021 695 1057 763 in
1077 717 1096 764 (1
1110 693 1324 789 Anthologia
1346 720 1366 764 1)

244 812 391 884 colloces
420 809 516 882 illam
536 810 801 904 descriptionem
812 810 964 881 Virtutis
988 833 1065 881 cum
1081 811 1272 901 concisam,
1293 824 1369 882 tum

243 935 424 1002 venustam
443 934 546 1022 atque
563 926 616 997 vis
631 934 665 998 et
679 927 848 998 acuminis
865 926 1022 1020 plenam:

325 1109 478 1180 Quaenam
490 1115 553 1169 tam
567 1107 667 1168 lacero
681 1109 792 1168 vestita
813 1108 927 1167 incedis
946 1107 1080 1169 amictul

363 1207 471 1266 Virtus
493 1207 625 1284 antiquis
641 1206 797 1266 nobilitata
809 1207 922 1284 sophis.

325 1298 386 1356 Gur
397 1297 491 1356 vestis
502 1303 565 1356 tam
579 1296 674 1356 vilist
690 1298 769 1374 Opes
784 1303 941 1357 contemno
957 1299 1095 1360 caducas.

366 1387 428 1446 Gur
442 1387 563 1462 gemina
577 1393 622 1446 est
636 1386 751 1446 facies?
765 1388 897 1464 Tempus
912 1394 1074 1466 utrumque
1088 1393 1171 1449 noto,

326 1473 404 1546 Quid
420 1478 507 1535 docet
518 1476 574 1534 hoo
589 1475 728 1535 frenum?
741 1476 855 1535 Mentis
872 1478 1012 1536 cohibere
1033 1478 1162 1540 furores.

365 1565 492 1624 Rastros
507 1582 563 1623 cur
576 1570 677 1642 gestas
689 1566 705 1624 t
718 1566 779 1625 Res
794 1566 868 1625 mihi
883 1573 972 1641 grata
987 1567 1082 1627 labor.

327 1655 388 1714 Gur
399 1654 552 1714 volucris?
567 1657 666 1715 Dooeo
682 1656 802 1715 tandem
817 1673 909 1732 super
923 1662 1005 1716 astra
1018 1656 1134 1716 volare.

366 1745 428 1804 Gur
441 1745 497 1803 tibi
509 1762 591 1804 mors
606 1745 778 1822 premitur?
790 1745 900 1805 Nescio
915 1745 978 1804 sola
992 1746 1081 1806 mori.

295 1911 446 1983 Carmen
466 1910 556 2005 quod
582 1910 789 1983 inscribitur
806 1937 823 1979 a
842 1913 876 1981 in
891 1912 1056 1985 Amorem
1077 1937 1096 1982 1)
1116 1913 1199 1986 11111
1218 1911 1366 1984 libenter

247 2027 351 2100 etiam
366 2051 459 2099 nuno
472 2027 636 2120 legimus,
659 2028 759 2113 Quod
777 2053 794 2098 a
810 2029 852 2100 de
868 2028 1020 2100 Phillide
1035 2038 1069 2102 et
1087 2032 1245 2102 Damone
1262 2053 1279 2099 a
1298 2037 1363 2116 est,

247 2147 276 2217 si
300 2145 433 2216 dicendi
456 2168 588 2239 genere
607 2155 737 2239 peccat,
764 2146 979 2240 probandum
1006 2147 1142 2218 videtur
1167 2144 1362 2218 sententiis.

248 2263 287 2334 ln
308 2261 478 2344 carmine,
500 2261 600 2354 cujus
620 2261 741 2332 titulus
764 2271 815 2332 est
833 2286 851 2332 (t
871 2263 908 2333 in
934 2259 1089 2334 ltaliam¹
1107 2287 1143 2351 a,
1168 2261 1257 2333 ludit
1276 2263 1366 2333 Beza

246 2386 283 2450 ut
302 2377 449 2449 libenter
467 2376 606 2448 ludebat
623 2400 702 2448 cum
722 2378 850 2471 viginti
866 2402 976 2451 annos
999 2389 1074 2451 erat
1097 2389 1199 2449 natus
1223 2389 1256 2450 et
1278 2381 1366 2450 sicut

247 2516 383 2589 semper
397 2494 517 2565 ludere
537 2491 626 2565 soliti
641 2502 722 2565 sunt
736 2516 856 2566 omnes
871 2506 995 2589 poetae
1009 2495 1066 2589 qui
1082 2495 1191 2566 nimio
1207 2495 1366 2567 acumine

247 2619 280 2681 et
310 2611 474 2682 tenuitate
502 2609 667 2702 gaudent.
701 2610 770 2682 Sed
804 2611 1042 2707 hujuscemodi
1074 2611 1365 2705 epigrammatum

246 2738 408 2822 tanquam
440 2725 731 2820 perfectissimum
762 2730 958 2822 exemplum
992 2729 1077 2800 haec
1111 2731 1366 2824 «comparatio

244 2835 392 2908 amantis
411 2858 489 2906 cum
503 2844 668 2908 venatore
685 2860 702 2905 a
720 2837 841 2909 haberi
856 2846 991 2932 potest:

321 3026 401 3084 Dum
415 3026 548 3103 leporem
560 3045 655 3103 nuper
671 3046 828 3088 nemorosa
841 3049 895 3108 per
913 3032 979 3090 avia
992 3039 1101 3109 sector,

363 3114 513 3190 Antiquae
534 3116 565 3173 in
579 3123 709 3176 mentem
724 3119 765 3176 mi
780 3119 899 3178 rediere
911 3118 1001 3183 11111.

322 3204 388 3264 Ν11
401 3204 523 3278 mirum,
539 3206 638 3264 studio
657 3225 750 3282 quum
762 3208 950 3268 delectentur
964 3211 1079 3286 eodem,

365 3295 419 3352 Cui
434 3293 586 3370 Dictynna
602 3296 710 3371 placet,
729 3298 776 3356 cui
792 3299 959 3372 cytheraea
970 3300 1080 3375 placet.

322 3382 378 3441 1111
393 3381 502 3440 etenim
513 3384 647 3460 leporem
662 3392 806 3460 sectatur,
824 3394 853 3446 et
864 3389 920 3448 iste
934 3388 1079 3465 leporem,
1179 3382 1192 3409 '³

362 3473 423 3531 Res
444 3471 575 3548 fugitiva
588 3476 686 3551 lepus,
698 3494 747 3535 res
761 3476 891 3553 fugitiva
905 3478 1000 3555 lepos

322 3561 455 3621 Venator
470 3580 568 3622 casses
588 3569 617 3622 et
630 3583 728 3624 casses
740 3567 837 3627 tendit
852 3575 979 3642 amator,

360 3653 441 3720 Quos
456 3668 544 3728 saepe
559 3653 709 3712 incassum
723 3656 820 3713 tendit
835 3663 964 3733 uterque
980 3666 1091 3721 tamen.

278 3889 286 3924 ¹
379 3892 433 3946 Gur
450 3894 530 3948 Italas
544 3897 624 3951 urbes
638 3898 763 3953 Phoebus
773 3902 919 3955 torrentior
933 3909 1004 3968 urat,

455 3976 483 4028 Si
498 3993 611 4054 quaeras
626 3979 685 4032 fieri
700 3996 753 4050 qua
768 3982 871 4036 ratione
884 3990 1010 4054 putem...

383 4057 465 4110 Nulla
481 4060 569 4124 magis
583 4058 663 4112 tellus
675 4061 797 4130 pulchris
812 4064 941 4118 foecunda
951 4066 1059 4136 puellis,

453 4139 538 4207 ltalia,
552 4142 625 4196 nulla
640 4151 680 4198 est
692 4150 766 4199 terra
775 4147 853 4200 beata
867 4149 963 4214 magis.

383 4221 416 4273 Hi
429 4227 490 4273 sunt
505 4223 633 4276 nimirum
650 4242 716 4294 quos
728 4227 851 4280 Phoebus
866 4229 928 4281 dum
945 4231 1016 4284 videt
1024 4232 1110 4299 ignee,

453 4302 586 4357 Credibile
601 4311 641 4358 est
656 4307 733 4375 ignes
750 4308 931 4378 multiplicare
945 4328 1016 4365 suos.
