3116 4978
636 423 682 473 ott
699 423 822 473 SYLVIS
1260 424 1290 475 at

169 573 377 669 minimeque
403 573 446 644 de
470 573 649 668 majestate
668 573 878 667 reipublicae
897 593 1064 643 romanae
1079 595 1232 664 curasse,
1250 575 1287 646 in

168 687 233 759 hoc
250 711 318 760 uno
338 696 544 782 occupatum
559 697 597 760 ut
618 695 801 760 venustate
820 695 854 759 et
872 686 1093 760 vehementia
1112 712 1189 761 cum
1205 692 1288 762 Vir-

168 803 269 895 gilio,
279 803 470 877 subtilitate
488 816 522 876 et
535 803 695 877 acumine
705 828 783 875 curu
796 803 904 875 Statio
915 806 1167 878 certaret.Non
1179 807 1289 898 igitur

168 920 292 992 mirum
317 920 486 1015 estquod
510 919 775 1013 dispositionem
801 919 978 1013 propriam
1014 919 1173 994 adhibuit
1201 944 1289 1017 quae

167 1059 279 1131 neque
302 1035 520 1130 simplicitate
547 1058 660 1130 neque
686 1037 860 1129 gravitate
883 1034 1012 1108 valeat.
1035 1038 1160 1110 Omnia
1174 1040 1289 1134 trepi-

168 1153 266 1241 dare,
290 1151 438 1241 fervere,
460 1158 620 1224 aestuare
636 1151 811 1222 videntur.
828 1152 868 1222 Iu
884 1151 1016 1224 medias
1031 1175 1102 1243 res,
1124 1154 1286 1242 malunt,

166 1267 329 1340 lectorem
340 1269 413 1362 jam
430 1266 473 1338 ab
494 1267 590 1338 initio
606 1266 699 1363 rapit
715 1291 723 1336 :

245 1486 313 1546 Jam
324 1488 459 1547 Romana
472 1485 552 1546 acies
573 1485 665 1556 verti,
679 1489 744 1562 jam
757 1487 866 1544 cedere
881 1485 969 1545 laevo

248 1575 393 1652 Coeperat
406 1575 437 1634 in
449 1575 546 1635 cornu
558 1575 658 1636 virtus
673 1577 821 1650 Romana,
833 1593 890 1634 nec
905 1574 1002 1634 ullum

248 1665 423 1726 Subsidium
437 1671 483 1724 est
497 1670 642 1742 retroque
656 1663 754 1723 omnis
769 1681 837 1740 spes
844 1664 929 1741 lapsa
943 1663 1067 1736 referri,

247 1755 346 1825 Quum
359 1755 494 1832 geminas
506 1754 620 1814 Decius
633 1754 760 1814 tendens
775 1754 811 1812 ad
824 1753 926 1813 sidera
937 1753 1064 1830 palmas.

247 1846 312 1916 Quo
328 1843 441 1904 ruitis?
457 1843 546 1906 dixit.

216 2036 341 2110 Decius
371 2037 463 2109 euim
491 2060 561 2108 non
594 2035 697 2108 aliter
726 2037 879 2132 loquitur
911 2045 1013 2132 atque
1043 2038 1169 2112 heroes
1198 2040 1286 2134 epici

167 2152 292 2224 solent.
309 2153 388 2224 Huc
406 2160 510 2247 atque
524 2151 606 2223 illuc
626 2174 663 2223 se
677 2149 825 2236 confert,
843 2161 1008 2247 precatur
1023 2151 1287 2250 obtestaturque

167 2267 294 2341 milites
317 2293 325 2339 :

707 2394 788 2460 Quos
804 2393 915 2452 Consul
932 2392 1041 2452 sistere
1055 2411 1129 2454 voce

246 2484 315 2544 Non
330 2483 425 2560 potui,
441 2483 529 2556 dixit,
547 2485 695 2542 revocabo
711 2487 810 2542 morte
814 2525 874 2544 .....

245 2573 328 2649 Ergo
339 2590 394 2648 age
405 2589 564 2631 sacrorum
579 2591 596 2630 o
611 2579 723 2641 custos,
747 2577 889 2648 concepta
904 2570 1027 2648 profare

248 2661 389 2721 Carmina
393 2703 457 2722 .....

247 2751 401 2828 Sanguine
418 2756 582 2827 quaeratur
600 2750 740 2824 victoria,
757 2752 904 2828 sanguine
918 2757 1023 2812 nostro

246 2841 410 2903 Placentur
423 2840 507 2900 saevi
521 2841 638 2914 Manes,
652 2839 791 2918 placetur
803 2841 949 2917 Erynnis.

215 3032 307 3104 Inest
327 3034 364 3104 in
383 3034 542 3108 omnibus
560 3035 657 3131 quasi
676 3035 846 3130 quaedam
865 3034 1050 3129 trepidatio
1069 3057 1172 3130 quam
1194 3041 1286 3106 certe

165 3147 256 3220 Beza
275 3173 338 3244 pro
360 3159 495 3224 summa
517 3152 665 3224 veritate
686 3149 819 3222 habuit.
838 3150 919 3222 Non
938 3149 1006 3221 alia
1030 3160 1083 3221 est
1102 3171 1205 3220 causa
1224 3172 1286 3221 cur

166 3265 349 3359 tamlonge
362 3267 562 3360 produxerit
575 3266 684 3340 verba
697 3267 822 3362 quibus
835 3265 964 3338 Decius
980 3287 1057 3337 sese
1071 3289 1091 3335 c
1102 3288 1164 3359 pro
1174 3264 1286 3358 legio-

165 3403 249 3452 num
269 3382 379 3456 salute
393 3407 413 3455 »
430 3383 599 3457 devovet:

245 3586 398 3646 Sublimes
412 3588 523 3649 ducant
537 3587 667 3648 Romani
676 3605 716 3648 ex
729 3587 816 3646 hoste
829 3585 1011 3662 triumphos.

245 3676 376 3749 Interea,
391 3676 526 3753 Collega,
540 3676 634 3736 aciem
646 3677 838 3754 patriamque
853 3680 940 3734 tuere
957 3695 965 3732 r

245 3765 402 3825 Indubiam
417 3767 482 3843 ipse
502 3765 567 3828 fero
583 3771 771 3843 mortemque
784 3765 947 3841 fugamque
962 3761 1090 3823 Latinis.

214 3955 279 4029 Illa
304 3956 441 4030 devotio
469 3959 586 4031 nescio
613 3958 695 4054 quid
724 3959 878 4030 insolens
903 3968 937 4032 et
965 3959 1080 4052 magis
1111 3960 1284 4054 tragicum

165 4072 305 4145 adhibet
325 4074 589 4170 mirabilemque
613 4075 824 4167 gravitatem
849 4074 940 4148 Livii
965 4076 1056 4147 Beza
1076 4074 1282 4170 inquinavit.

164 4189 295 4262 Eadem
317 4190 360 4261 de
382 4188 508 4283 Sylvae
530 4189 602 4262 fine
630 4190 697 4261 dici
721 4199 878 4285 possunt,
903 4197 937 4261 et
963 4191 1002 4262 in
1031 4190 1103 4262 illis
1125 4191 1285 4262 versibus

163 4305 387 4402 tranquillam
405 4307 638 4396 severitatem,
659 4329 704 4377 ne
724 4307 835 4378 dicam
855 4307 1086 4400 majestatem,
1103 4307 1284 4402 scriptoris
