3124 4988
661 390 707 440 Du
722 389 855 440 ELEGIIS
1284 385 1315 437 69

194 559 237 608 ne
251 537 341 607 iuter
353 544 423 607 tam
434 535 617 628 impeditas
630 546 663 606 et
677 536 843 606 obscuras
855 535 931 606 vias
947 536 1103 625 deerent,
1117 561 1193 607 cum
1208 538 1317 631 scrip-

192 662 247 725 tor
265 653 339 746 ipse
354 649 504 722 fateatur
525 651 709 722 errationis
729 651 922 744 periculum
935 652 1000 723 sibi
1014 653 1214 724 exstitisse:

272 847 351 906 Hinc
366 848 455 907 toties
470 865 562 924 cogor
576 852 706 906 mentem
720 853 838 905 mutare
850 847 998 924 priorem.

239 1016 382 1087 Rectius
401 1026 536 1110 poterat
563 1016 676 1087 dicere
704 1039 772 1087 non
797 1016 962 1109 priorem,
979 1015 1041 1086 sed
1068 1023 1175 1086 totam
1195 1019 1313 1083 muta-

188 1139 259 1202 tam
288 1155 364 1203 esse
391 1140 556 1222 mentem,
585 1133 792 1226 penitusque
834 1140 867 1203 et
898 1129 1049 1201 funditus
1079 1128 1248 1225 judicium
1282 1138 1317 1200 et

191 1247 396 1341 sapientiam
412 1249 538 1320 amissa
558 1271 634 1320 esse
649 1249 707 1342 qui
724 1247 784 1319 illa
798 1247 973 1319 horrenda
990 1256 1063 1318 tam
1079 1245 1226 1340 placide,
1244 1252 1315 1316 tam

188 1363 330 1457 frigido,
354 1372 598 1436 tamcoutento
621 1367 735 1434 animo
755 1365 894 1457 garrire
917 1373 951 1435 et
976 1362 1113 1433 effutire
1140 1362 1311 1454 potuerit!

189 1491 278 1562 Nam
308 1490 353 1561 ab
372 1490 469 1562 initio
498 1471 613 1585 lisque
636 1489 813 1574 adfinem,
834 1513 895 1582 per
909 1498 1019 1560 totum
1040 1510 1194 1576 carmen,
1215 1488 1314 1560 illam

188 1607 316 1678 amoris
336 1631 411 1676 oum
426 1629 515 1677 nave
534 1607 828 1699 comparationem
841 1608 1073 1700 persequitur,
1097 1603 1313 1676 fastidiosam

188 1732 222 1794 et
240 1722 490 1794 detestabilem.
509 1722 696 1794 Oculorum
710 1721 1034 1793 lacrimaefiumina
1051 1729 1085 1790 et
1110 1741 1219 1814 aquas
1232 1722 1314 1792 navi

187 1838 373 1934 praebent;
391 1837 540 1932 suspiria
557 1847 693 1927 ventos,
710 1838 840 1909 stimuli
854 1859 968 1908 remos
979 1846 1013 1907 et
1028 1835 1106 1906 vela
1121 1833 1229 1908 furor.
1244 1836 1314 1908 Sed

187 1955 295 2027 satius
312 1964 364 2026 est
390 1977 515 2027 versus
537 1955 631 2048 ipsos
652 1953 835 2048 proferre:

272 2145 348 2219 Spes
363 2142 493 2202 miserae
503 2148 548 2200 est
564 2141 692 2216 cymbae
703 2141 819 2214 clavus,
836 2157 904 2215 spes
919 2139 1032 2215 optima
1048 2138 1198 2200 Divum...

267 2232 409 2291 Anchora
424 2237 495 2290 sunt
511 2230 620 2289 humili
635 2230 812 2306 deprompta
826 2247 842 2287 e
855 2235 979 2305 pectore
995 2229 1101 2298 rerba,

306 2320 370 2380 Vix
385 2326 485 2379 tamen
501 2319 595 2378 iratas
609 2319 684 2377 haec
698 2323 892 2377 remorantur
907 2334 1010 2392 aquae.

264 2410 385 2470 Firmus
397 2426 492 2484 amor,
506 2408 580 2468 ratis
595 2413 641 2467 est
665 2409 777 2481 malus,
791 2413 862 2465 suut
878 2406 956 2465 dona
971 2406 1125 2465 rudentes.

303 2500 390 2558 l'une
405 2499 509 2557 carina
523 2498 602 2574 regi,
619 2515 744 2556 munere
757 2503 843 2556 sueta
856 2497 972 2557 Venus.

266 2589 363 2650 Navis
379 2605 411 2647 es
426 2606 442 2645 o
457 2587 562 2646 anima
578 2587 682 2645 insano
695 2592 836 2662 correpta
850 2585 971 2644 surore:

303 2679 347 2737 Te
360 2681 505 2736 miseram
519 2694 626 2734 caecus
639 2676 744 2734 navita
756 2675 840 2733 ducit
856 2675 969 2733 Amor:

262 2771 439 2844 Tempestas
450 2766 575 2842 scopuli,
591 2771 663 2834 etc,
681 2770 740 2824 etc.

233 2937 301 3007 Sed
319 2939 348 3006 si
377 2934 455 3030 quis
473 2931 562 3005 forte
578 2933 697 3004 credat
718 2954 738 3002 a
758 2930 849 3001 Beza
873 2953 940 3001 non
966 2930 1110 3023 longius
1131 2951 1208 3001 esse
1222 2950 1309 3022 pro—

183 3053 320 3124 ductam
356 3049 595 3123 incredibilem
630 3049 728 3119 illam
748 3048 1056 3140 comparationem,
1085 3046 1309 3116 vehementer

185 3178 279 3241 erret
296 3193 304 3238 ι

261 3363 402 3426 Fulmina
414 3379 491 3440 quae
504 3380 616 3422 vereor
631 3369 702 3420 suut
717 3361 812 3418 verba
827 3358 972 3418 minantia
989 3358 1085 3418 nobis.

231 3553 358 3625 Postea
371 3551 555 3623 immodice
582 3550 731 3643 explicat
747 3573 849 3645 quam
862 3550 932 3620 sint
945 3550 1041 3643 longi
1052 3557 1086 3621 et
1104 3549 1181 3620 duri
1196 3571 1304 3620 cona-

181 3678 236 3741 tus
250 3679 287 3741 ut
302 3691 425 3740 navem
437 3669 482 3740 ad
492 3667 589 3738 littus
613 3666 776 3760 adpellat,
798 3672 900 3760 atque
912 3667 992 3760 jure
1003 3665 1176 3737 concludit
1194 3689 1201 3733 :

261 3868 356 3937 Quem
367 3871 412 3924 tot
424 3863 534 3925 turbae
551 3865 679 3940 agitant,
705 3863 811 3923 hunoo
828 3864 996 3941 Cytheraea
1010 3864 1132 3940 negabis

303 3955 426 4015 Sentice
440 3953 541 4014 insani
557 3962 663 4014 cuneta
678 3953 915 4031 periclamarist

229 4144 257 4216 0
276 4143 437 4213 insanum
448 4146 605 4213 nautam!
627 4141 846 4213 Ocerebrum
867 4140 973 4212 nimia
986 4139 1303 4212 eruditioneinfice-

180 4269 252 4332 tum
276 4256 499 4354 funditusque
529 4262 760 4350 perversum!
791 4255 853 4327 llle
883 4264 995 4326 tamen
1027 4257 1124 4326 furor
1149 4256 1302 4349 poeticus
