3124 4988
441 1329 443 1332 >
506 1310 511 1323 ·
566 1271 684 1345 PARS
714 1272 882 1353 QUINTA

534 1549 583 1608 ῠΕ
605 1547 916 1609 ΕΡΙΘΗΑΜΜΑΤΙΕ

214 1906 282 1978 Sed
297 1905 387 1978 Beza
401 1929 469 1978 non
482 1907 597 1979 solum
607 1906 724 2001 sylvas
736 1917 770 1978 et
782 1906 913 1998 elegias
928 1914 962 1976 el
974 1904 1148 2000 epitaphia
1157 1903 1283 1995 edidit3

166 2022 304 2118 scripsit
323 2023 427 2095 etiam
448 2022 720 2118 epigrammata1
745 2044 831 2118 quae
855 2022 992 2118 quidem
1017 2020 1163 2115 majoris
1181 2021 1286 2115 pretii

166 2162 243 2211 esse
260 2139 440 2212 videntur.
453 2140 539 2220 ,Non
555 2140 646 2236 quod
659 2138 744 2211 adeo
760 2140 831 2211 sint
845 2147 944 2211 acuta
957 2147 990 2209 et
1005 2136 1182 2210 acerbant
1197 2140 1287 2210 inter

166 2255 351 2328 satirarum
379 2256 566 2350 scriptores
596 2255 829 2350 lepidissimos
848 2264 883 2328 et
903 2253 1092 2327 acerrimos
1110 2253 1200 2327 Beca
1214 2278 1285 2325 nu-

166 2372 294 2444 merari
308 2372 416 2466 possit
427 2398 437 2464 3
448 2380 601 2445 attamen
613 2395 652 2444 ea
666 2395 746 2468 pars
757 2371 873 2466 operis
882 2394 945 2442 nos
957 2370 1286 2466 maximavoluptate

166 2487 276 2560 allicit
299 2488 394 2583 quia,
422 2498 460 2561 ut
491 2512 547 2560 res
574 2489 727 2582 locuples
747 2499 799 2560 est
824 2497 857 2560 et
884 2487 978 2577 laeta,
1002 2487 1051 2559 sic
1077 2489 1167 2560 Bera
1189 2491 1224 2560 in
1246 2513 1286 2564 ea

165 2603 346 2676 tractanda
364 2605 565 2698 praeclaras
593 2605 766 2678 interdum
793 2603 928 2697 ingenii
952 2605 1099 2675 virtutes
1121 2605 1282 2680 ostendit.

167 2720 323 2792 Primum
347 2721 440 2793 enim
468 2720 605 2792 dicendi
632 2744 745 2815 genus
767 2731 947 2815 poetarum
965 2718 1157 2793 latinorum
1171 2723 1287 2797 minus

168 2836 343 2908 serviliter
361 2847 499 2909 secutus
515 2846 586 2929 est3
615 2836 755 2927 deinde,
782 2833 872 2933 quod
896 2846 1021 2908 natura
1045 2838 1189 2909 mordax
1214 2852 1288 2914 erat

168 2963 202 3025 et
224 2961 359 3042 acutus,
377 2953 414 3024 in
430 2953 570 3025 satirico
592 2976 723 3045 genere
739 2961 932 3046 praestaret
960 2974 1101 3024 necesse
1129 2964 1223 3046 erat3
1246 2979 1287 3028 ex

168 3092 234 3164 quo
265 3069 421 3161 intellegi
450 3076 563 3163 potest
587 3069 712 3140 Bezam
742 3069 1004 3163 epigrammatis
1032 3091 1133 3164 quam
1163 3073 1288 3145 ceteris

168 3185 381 3258 carminibus
394 3186 564 3279 majorem
579 3184 728 3277 gloriam
745 3183 812 3255 sibi
832 3186 1101 3277 comparavisse.

216 3300 268 3373 Ac
277 3302 424 3394 primum
434 3300 572 3397 quidem
582 3301 932 3372 animadvertendum
942 3308 994 3372 est
1004 3299 1290 3397 nullumpoeseos

168 3440 280 3512 genus
307 3413 376 3487 illis
397 3416 613 3510 temporibus
633 3417 746 3510 magis
767 3417 905 3488 varium
929 3415 1037 3488 fuisse
1059 3440 1098 3489 ac
1115 3417 1290 3492 diversum

171 3555 274 3629 quam
300 3534 563 3628 epigrammata.
585 3533 761 3627 Pleraque
786 3533 876 3603 enim
906 3532 1159 3627 epigrammata
1182 3536 1292 3611 Barac

169 3649 309 3720 omnino
323 3648 539 3722 Graecorum
554 3649 816 3743 epigrammatis
827 3648 1007 3720 dissimilia
1017 3658 1110 3735 sunt.
1129 3649 1292 3727 Attamen

170 3765 336 3860 quaedam
355 3765 512 3837 invenias
531 3769 567 3835 in
592 3764 716 3859 quibus
737 3765 890 3836 Graecos
914 3765 1067 3836 imitatus
1088 3776 1166 3838 est:
1188 3778 1293 3843 testes

170 3881 237 3952 sint
253 3883 391 3954 Icoaes.
415 3881 483 3954 Sed
497 3882 578 3978 quia
588 3880 684 3952 nulla
699 3881 828 3952 virtute
841 3881 1008 3975 peculiari
1023 3881 1161 3955 elucent
1180 3885 1293 3981 neqite

209 4169 218 4205 ¹
239 4172 337 4227 Omnes
351 4173 409 4228 iere
423 4179 528 4243 poetae,
537 4172 582 4242 qui
596 4177 660 4225 tunc
671 4170 854 4240 lingnulatina
867 4172 909 4226 usi
921 4178 992 4236 sunt,
1003 4173 1198 4242 epigrammata
1208 4178 1298 4248 scrip·

170 4258 272 4318 serunt,
288 4252 323 4306 N.
339 4253 501 4319 Borbonius,
518 4251 648 4319 Vulteius,
665 4259 707 4306 etc
720 4268 727 4322 ;
741 4251 779 4304 ita
799 4257 829 4305 ut
847 4250 914 4306 illud
925 4255 989 4322 jure
1008 4253 1061 4307 diei
1083 4257 1173 4325 possit
1193 4256 1297 4312 nullum

172 4345 257 4399 genus
269 4333 358 4404 magis
371 4333 473 4389 cultum
484 4333 566 4387 luisse
575 4337 603 4386 et
616 4330 791 4401 exquisitum.

269 4461 292 4498 n.
308 4464 338 4498 u.
1188 4453 1204 4502 6
