3124 4988
243 373 276 426 5⁸
706 373 752 424 DE
765 373 902 426 annuns

323 521 380 580 Hei
402 519 488 592 mihi,
503 525 534 580 te
549 519 665 597 quoties
678 520 755 598 fugi,
772 539 837 580 mea
849 521 994 595 Candida,
1011 522 1075 599 fugi
1097 544 1103 582 :

363 611 487 686 Semper
501 617 531 669 at
544 609 575 668 in
588 617 691 670 nostro
706 616 828 686 pectore
844 617 953 688 regnat
968 629 1064 671 amor.

322 702 399 760 Ecce
411 699 523 760 iterum
539 700 645 770 fateor,
663 700 726 776 fugi
740 705 783 769 te,
800 701 951 760 Candida:
968 719 1076 761 verum

366 791 405 848 nt
420 787 503 866 potui
518 794 548 848 et
557 807 680 865 possum
695 790 796 848 dicere
812 806 942 866 semper,
958 809 1037 851 amo.

295 998 458 1072 Profecto
473 1001 656 1072 mirabitur
671 1001 796 1096 aliquis
816 1023 860 1071 ex
875 1000 1107 1095 quadraginta
1118 1001 1277 1074 versibus
1293 1002 1368 1100 qui-

245 1117 308 1189 bus
326 1126 461 1188 constat
487 1117 601 1208 elegia
626 1117 685 1188 vix
708 1127 856 1212 quatuor
879 1116 1030 1188 inveniri
1052 1140 1152 1210 posse
1177 1119 1235 1212 qui
1255 1118 1370 1212 profe-

244 1238 383 1305 rantur!
407 1234 519 1304 -At
542 1234 773 1305 Bezaeetiam
797 1232 982 1304 admodum
1007 1255 1087 1304 raro
1117 1234 1260 1327 contigit
1281 1233 1368 1305 illud

246 1349 437 1443 paululum,
462 1356 500 1420 ut
524 1347 618 1420 infra
630 1348 847 1442 videbimus,
873 1358 976 1444 atque
998 1372 1118 1420 omnes
1132 1347 1205 1421 fere
1221 1350 1365 1445 explica·

246 1468 372 1552 tiones,
391 1464 516 1560 quibus
540 1463 691 1537 refertae
712 1479 793 1537 sunt
816 1465 966 1557 elegiae,
990 1462 1140 1559 frigidae
1158 1489 1236 1539 esse
1257 1465 1369 1539 solent

247 1590 281 1653 et
295 1581 433 1675 ineptae
447 1592 562 1675 atque,
580 1591 616 1652 ut
631 1581 746 1652 omnia
758 1605 828 1653 uno
843 1582 952 1653 verbo
964 1581 1196 1671 declarentur,
1211 1583 1370 1654 scholas-

248 1699 349 1770 ticae.
368 1698 508 1769 Etenim
526 1698 561 1767 in
577 1697 636 1768 illo
656 1698 776 1792 quinto
791 1697 958 1784 carmine,
979 1705 1018 1768 ut
1037 1698 1147 1768 fusius
1162 1707 1196 1769 et
1208 1698 1369 1794 eloquen-

249 1815 317 1885 tius
331 1815 545 1885 demonstret
569 1837 672 1908 quam
692 1814 779 1883 dura
801 1815 871 1885 siut
888 1814 1064 1884 absentiae
1085 1812 1178 1884 mala
1198 1839 1369 1909 quamque

248 1929 396 2002 fideliter
411 1928 566 2001 absentis
586 1929 761 2000 candidae
779 1929 946 2000 memoria
966 1932 1002 1998 in
1017 1929 1172 2000 animum
1192 1941 1363 2018 recurrat,

248 2068 453 2118 enumerare
472 2045 583 2139 coepit
606 2087 654 2097 -
672 2054 709 2115 ut
725 2045 886 2138 discipuli
913 2045 1059 2138 inludis
1087 2045 1200 2116 solent
1219 2071 1369 2141 -quo-

249 2161 350 2232 modo
361 2161 478 2232 omnia
498 2161 554 2232 vel
570 2161 711 2232 minima
727 2162 762 2231 in
777 2160 1059 2233 assimilationem
1084 2170 1118 2233 et
1137 2164 1370 2256 comparatio-

249 2301 328 2350 nem
348 2300 430 2348 suae
445 2274 595 2348 infelicis
609 2274 768 2347 fortunae
784 2275 926 2367 produci
945 2277 1101 2371 possint:

332 2497 405 2556 Sive
419 2496 493 2554 abeo
508 2495 539 2553 in
554 2495 669 2570 sylvas,
685 2495 769 2554 nobis
786 2495 939 2555 succurrit
950 2494 1074 2566 Adonis,

371 2586 408 2644 Et
422 2585 457 2644 fit
471 2584 612 2644 tristitiae
627 2583 746 2644 conscia
760 2585 848 2660 sylva
862 2603 946 2644 meae
964 2605 971 2642 ι

333 2677 406 2735 Sive
420 2674 539 2751 placent
553 2675 645 2744 horti,
671 2681 743 2751 quot
757 2674 866 2733 florum
880 2674 930 2732 hic
941 2667 1037 2734 millia
1052 2692 1153 2748 cerno,

374 2765 433 2822 Tot
442 2763 573 2823 stimulis
588 2770 707 2840 captum
720 2783 769 2824 me
782 2765 894 2840 premit
909 2781 997 2842 asper
1011 2780 1096 2822 amor
1099 2805 1160 2825 .....
1162 2763 1166 2772 ’

503 2880 507 2920 l

302 2975 416 3068 Atque
434 2973 561 3043 iterum
586 2967 882 3040 enumerationem
898 2967 1022 3059 repetit
1039 2990 1047 3034 z
1070 2975 1170 3059 prata
1186 2965 1297 3035 amori
1312 2987 1374 3035 suo

254 3089 417 3188 quiddam
446 3086 559 3179 magis
587 3081 749 3156 floridum
775 3083 924 3166 addunt3
949 3104 1079 3153 messes
1105 3080 1142 3150 in
1175 3080 1375 3151 memoriam

254 3196 1375 3292 inducuntGereremetDitem,littoraNymphas;montesetiam

252 3335 291 3396 ut
315 3322 456 3416 propior
485 3319 530 3390 sit
555 3316 699 3402 Veneri,
716 3314 753 3385 id
774 3323 826 3386 est
846 3317 968 3403 amori,
983 3311 1153 3384 efficiunt.
1178 3312 1216 3382 Si
1236 3312 1375 3383 veroin

255 3439 375 3511 urbem
404 3433 617 3529 regreditur,
649 3430 764 3502 nullae
801 3432 837 3500 in
867 3429 953 3500 urbe
982 3429 1119 3523 puellae
1152 3428 1304 3522 placent,
1342 3435 1376 3498 et

259 3574 526 3650 «quaecumque
550 3548 627 3620 aliis
649 3547 807 3635 candida,
825 3545 928 3636 nigra
952 3553 1004 3616 est
1020 3569 1038 3615 n
1075 3543 1140 3616 ei¹.
1163 3545 1250 3640 „Hae
1273 3555 1377 3639 atque

255 3668 446 3742 istiusmodi
459 3667 645 3738 verborum
660 3661 907 3755 ambiguitates
925 3661 1049 3731 Bezam
1066 3658 1247 3732 delectant.
1278 3658 1378 3730 Nihil

294 3985 504 4058 1Hujuscemodi
528 3986 605 4054 jocos
625 3979 695 4032 infra
719 3977 879 4048 protulimus
898 3979 1037 4049 quosdam.
1058 3976 1100 4032 Cf.
1126 3978 1257 4030 Erreurs
1276 3990 1379 4030 amou-

259 4085 355 4123 reuses
372 4107 378 4120 ·
490 4134 527 4188 ce
542 4134 588 4204 qui
602 4130 698 4186 gouloit
712 4147 774 4186 mon
787 4129 924 4199 imparfait
938 4129 1055 4199 parfaire

490 4217 545 4270 Par
559 4231 607 4268 son
620 4213 730 4284 pariait,
745 4229 774 4265 sa
787 4213 861 4265 force
873 4210 909 4264 ha
923 4211 1033 4274 retiree‚

491 4297 565 4350 Pour
574 4311 636 4349 mon
647 4295 745 4363 parfait
756 4308 788 4346 en
798 4292 935 4362 impariait
946 4291 1053 4345 refaire.
