3124 4988
265 387 297 443 st
719 385 765 438 DE
784 385 919 440 annuns

265 537 443 610 hominum
460 559 584 608 nomen
603 535 694 608 volet
708 557 839 631 perque
851 532 996 632 populos
1012 535 1250 608 diffundatur?
1269 537 1352 607 Esto
1372 561 1381 606 :

264 655 425 727 omnibus
450 654 559 749 poetis
586 655 689 726 insita
725 663 778 726 est
812 676 949 748 semper
979 677 1019 725 ea
1051 677 1120 725 non
1151 654 1253 726 modo
1275 678 1385 749 aequa

265 784 298 846 et
316 773 486 866 legitima,
509 771 688 843 sedetiam
705 770 872 843 mirabilis
890 782 924 841 et
945 770 1117 843 laudanda
1139 771 1275 865 cupido.
1298 772 1384 857 Quis

263 905 432 958 veronen
452 887 569 958 statim
583 885 677 957 videt
693 886 730 955 in
744 885 852 956 multa
868 896 903 956 et
929 885 1140 978 grauissima
1164 886 1384 957 incommoda

264 1014 365 1098 atque
377 1002 660 1097 vitiaelegiarum
674 1001 1079 1095 scriptoremincurrere,
1089 1002 1296 1098 quicumque
1308 1012 1384 1074 tan-

264 1121 441 1194 tummodo
461 1118 505 1191 ad
530 1119 697 1190 lectorum
724 1118 992 1190 admirationem
1019 1117 1238 1209 movendam,
1267 1119 1304 1190 id
1331 1128 1383 1192 est

264 1237 309 1309 ad
342 1236 481 1308 laudem
521 1233 654 1329 ingenii
682 1232 953 1328 adipiscendam,
986 1235 1145 1329 spectetl
1167 1233 1224 1306 Ex
1248 1235 1299 1306 eis
1325 1239 1380 1331 qui

265 1355 354 1424 inter
376 1351 501 1424 latinos
523 1351 657 1444 elegias
678 1351 905 1443 scripserunt,
933 1349 1090 1423 Catullus
1111 1361 1144 1422 et
1168 1350 1326 1422 Tibullus
1349 1360 1383 1424 et

266 1467 466 1562 Propertius
482 1490 610 1560 magno
627 1490 704 1538 cum
721 1468 835 1539 studio
856 1467 961 1538 etiam
978 1466 1080 1539 hodie
1101 1466 1278 1559 leguntur,
1304 1468 1384 1563 quia

265 1585 301 1654 in
330 1583 541 1656 carminibus
557 1582 819 1676 deprehendere
837 1581 939 1655 facile
959 1591 1011 1654 est
1045 1583 1218 1678 quandam
1239 1585 1384 1655 sinceri-

263 1710 369 1773 tatem
385 1709 546 1794 certaque
562 1722 620 1770 res
632 1707 685 1771 est
695 1721 767 1791 eos,
792 1723 877 1794 quos
891 1699 1091 1771 cecinerunt
1104 1698 1244 1771 dolores
1258 1723 1383 1772 curas·

264 1840 342 1912 que,
359 1839 398 1887 re
412 1813 703 1908 veraetgraviter
722 1815 861 1910 quidem
873 1838 949 1886 esse
967 1824 1139 1909 expertos.
1161 1815 1208 1887 At
1221 1817 1381 1888 Ovidium

263 1955 378 2004 nonne
391 1929 626 2024 frigidiorem,
650 1953 693 2002 ne
706 1930 818 2001 dicam
832 1929 1110 2023 frigidissimum,
1128 1931 1235 2003 fuisse
1250 1940 1384 2003 constat

263 2072 303 2118 eo
311 2048 526 2142 potissimum
540 2047 631 2142 quod
646 2069 688 2118 ex
706 2045 848 2139 ingenio
863 2054 1009 2136 tantum,
1025 2069 1093 2117 non
1109 2069 1151 2117 ex
1171 2048 1240 2118 imo
1254 2058 1382 2141 etpro-

261 2162 366 2235 fundo
392 2175 532 2258 pectore
552 2187 640 2259 quaa
659 2163 702 2234 de
729 2185 846 2234 amore
866 2171 1006 2234 caueret
1025 2161 1264 2259 deprompsit?
1286 2163 1381 2235 Idem

262 2280 309 2352 de
329 2282 417 2351 Beza
443 2279 699 2375 conjiciendum
728 2288 804 2350 erat
834 2290 867 2351 et
888 2279 1093 2350 timendum.
1121 2279 1273 2351 Necesse
1306 2292 1382 2353 erat

263 2397 357 2467 enim
381 2397 438 2490 qni
471 2396 646 2466 Nasonem
672 2394 846 2490 imprimis
877 2396 1072 2466 imitaretur
1098 2436 1145 2446 -
1163 2396 1274 2467 Bezae
1301 2421 1382 2468 vero

263 2523 343 2584 ante
369 2535 488 2582 omnes
508 2511 671 2583 Ovidium
693 2512 904 2605 propositum
929 2510 1037 2582 fuisse
1060 2512 1156 2583 testis
1184 2535 1287 2607 saepe
1313 2513 1378 2585 fuit

263 2631 335 2724 ipse
350 2627 462 2700 Beza¹
483 2670 531 2680 —
550 2639 664 2722 atque,
688 2652 765 2699 cum
780 2629 913 2721 elegias
930 2628 1108 2717 scriberet,
1128 2628 1275 2701 lectores
1301 2641 1382 2702 ante

262 2745 379 2816 oculos
394 2753 450 2815 aut
475 2744 619 2815 nimium
644 2744 823 2815 autetiam
847 2743 947 2815 unice
967 2744 1124 2834 baberet,
1145 2769 1223 2816 eum
1246 2747 1383 2839 putidas

263 2885 303 2932 ac
313 2859 459 2952 frigidas
469 2859 602 2952 elegias
621 2859 789 2949 scribere,
805 2861 931 2954 quibus
947 2871 1039 2931 certe
1050 2859 1225 2953 ingeniiet
1235 2884 1382 2933 veneres

298 3149 307 3182 ¹
329 3167 342 3197 a
357 3145 555 3216 Proposueram
569 3151 658 3198 autem
680 3145 746 3199 mibi
759 3146 787 3198 in
809 3145 938 3199 bucolicis
959 3151 986 3200 at
1000 3143 1113 3217 sylvulis
1134 3145 1292 3216 quibusdam
1311 3149 1382 3201 scri-

260 3228 352 3283 bendis
361 3226 519 3280 imitandum
529 3233 670 3296 poetarum
681 3227 798 3279 omnium
807 3225 1230 3296 principemVirgilium,gravius
1241 3226 1308 3280 nihil
1319 3229 1383 3281 dum

260 3309 412 3362 meditans:
433 3305 526 3372 elegiis
553 3312 642 3358 autem
666 3306 800 3374 Ovidium,
820 3307 895 3359 cuius
918 3305 1020 3374 ingenii
1039 3306 1163 3361 ubertate
1190 3308 1276 3374 magis
1300 3324 1380 3376 quam

261 3387 360 3441 Tibulli
375 3387 502 3439 munditie
520 3384 656 3455 capiebar.
677 3385 707 3438 ln
722 3387 939 3454 epigrammaton
956 3401 1020 3440 vero
1032 3384 1134 3439 lusibus
1149 3387 1231 3456 (quod
1246 3387 1383 3440 scribendi

260 3484 346 3536 genus
368 3465 511 3537 praecipue
530 3466 644 3536 quadam
668 3466 768 3535 ingenii
788 3465 956 3535 proclivitate
978 3466 1170 3538 amplectebar)
1196 3466 1332 3520 Catullum
1355 3477 1382 3523 et

262 3546 413 3602 Martialem
437 3563 521 3616 nsque
539 3548 605 3600 adeo
627 3547 783 3617 probabam,
799 3555 829 3599 ut
843 3547 946 3615 quoties
964 3565 980 3600 a
999 3548 1171 3615 grauioribus
1185 3547 1278 3600 studiis
1293 3552 1384 3620 (erant

260 3632 333 3685 enim
347 3631 413 3682 haec
426 3625 550 3696 πάρεργα)
567 3628 747 3690 deflectebam,
764 3642 896 3695 nusquam
910 3626 1036 3681 libentius
1051 3630 1131 3698 quarn
1146 3628 1174 3680 in
1192 3628 1289 3680 horum
1300 3628 1384 3684 veluti

262 3711 376 3766 hortulis
385 3710 561 3778 exspatiarer.
582 3708 638 3761 Etsi
652 3708 725 3761 enim
742 3706 826 3780 (quod
840 3708 904 3762 vere
919 3707 989 3782 dico)
1012 3709 1122 3763 illorum
1142 3710 1323 3764 obscoenitate
1343 3713 1382 3766 sic

260 3791 422 3854 offendebar,
438 3797 468 3843 ut
480 3789 572 3843 oculos
586 3790 666 3842 etiam
693 3790 766 3857 ipsos
785 3789 971 3858 aquibusdam
986 3788 1382 3860 interlegendumaverterem,

261 3883 350 3926 tamen
368 3877 397 3924 nt
411 3869 458 3922 illa
481 3876 566 3923 aetate
580 3886 633 3923 non
651 3869 716 3922 satis
730 3875 832 3936 cautuS,
845 3870 883 3922 ita
897 3869 969 3922 illius
990 3871 1099 3940 quidem
1117 3869 1206 3932 melle,
1222 3871 1299 3925 istius
1317 3888 1383 3927 vero

260 3953 362 4006 salibus
381 3951 516 4020 capiebar,
530 3953 596 4003 utin
608 3951 750 4004 scribendo
763 3966 843 4020 quam
858 3951 1009 4004 simillimus
1023 3967 1117 4004 eorum
1133 3949 1178 4023 (de
1196 3952 1256 4023 ipso
1268 3952 1383 4008 charac-

260 4043 317 4089 tere
335 4031 441 4104 loquor)
455 4031 568 4086 evadere
584 4032 730 4085 studerem.
751 4033 788 4084 lta
809 4032 876 4084 mibi
889 4031 969 4101 longe
988 4033 1107 4085 maxima
1125 4047 1160 4086 ex
1183 4038 1260 4103 parte
1279 4034 1382 4104 scripta

260 4123 321 4168 sunt
337 4113 383 4166 illa
401 4115 529 4174 ποιήματα
540 4129 607 4183 quae
616 4111 720 4181 aliquot
738 4119 797 4180 post
810 4113 886 4166 annis
900 4113 987 4166 edidi:
1005 4128 1055 4166 nec
1069 4111 1117 4165 illa
1131 4113 1270 4180 duntaxat,
1286 4130 1379 4167 verum

260 4196 350 4248 atalia
370 4193 506 4255 nonnulla,
523 4210 591 4263 quae
606 4193 647 4246 vel
662 4195 715 4245 iam
729 4192 793 4247 olim
806 4193 955 4262 perierunt,
970 4191 1012 4245 vel
1026 4193 1113 4247 adhuc
1125 4194 1245 4246 fortassis
1263 4196 1290 4246 in
1309 4211 1378 4264 quo-

260 4277 372 4331 rundam
392 4277 539 4328 arnico-um
554 4275 672 4330 manibus
684 4281 836 4328 versantur.
851 4293 864 4322 u
878 4274 1044 4344 (Iuvenilia,
1060 4273 1091 4326 3l
1106 4274 1147 4328 ed.
1157 4271 1273 4348 Praef.)
