3124 4988
626 1112 907 1200 CONCLUSIO

688 1375 846 1388 μ.-

186 1681 193 1696 ’
256 1679 426 1762 Quoniam
454 1679 496 1752 de
519 1680 670 1773 singulis
689 1680 880 1752 carminum
905 1681 1108 1775 generibus
1127 1703 1214 1776 quae
1237 1683 1327 1754 Beza

208 1805 383 1894 tractavit,
400 1804 515 1876 adhuc
529 1805 637 1878 verba
646 1805 808 1897 fecimuS,
822 1829 915 1879 nunc
930 1807 966 1877 in
977 1807 1181 1879 universum
1191 1807 1234 1878 de
1249 1829 1329 1900 poe-

207 1929 310 2002 matis
325 1929 393 2000 iilis
411 1931 511 2002 nobis
525 1931 697 2026 judicium
712 1929 910 2005 faciendum
931 1940 982 2004 est
996 1933 1181 2029 paucisque
1195 1932 1232 2003 id
1242 1955 1329 2004 con-

207 2053 411 2126 cludendum
445 2056 682 2152 quodcumque
721 2066 839 2130 nostra
887 2058 1122 2151 disputatione
1153 2057 1328 2131 consecuti

208 2203 339 2252 sumus.

256 2306 415 2377 Primum
447 2307 556 2400 igitur
583 2317 728 2402 apparet
760 2316 896 2414 poetam
922 2317 1078 2380 nostrum
1111 2329 1327 2403 nequaquam

207 2455 329 2503 verum
343 2433 604 2527 genuinumque
619 2431 726 2506 fuisse
737 2430 886 2528 poetam,
908 2435 937 2504 si
957 2433 1095 2529 quidem
1116 2434 1203 2506 tanti
1218 2434 1328 2506 nomi-

210 2557 263 2628 nis
274 2557 407 2630 honore
427 2581 495 2628 non
518 2557 645 2650 dignus
662 2565 713 2630 est
726 2560 883 2655 quisquis
898 2582 1021 2632 versus
1035 2559 1188 2633 scribere
1200 2568 1325 2654 potest,

206 2683 311 2756 sedis
333 2684 568 2756 tantummodo
593 2686 651 2779 qui
678 2684 782 2756 habet
802 2685 983 2779 ingenium
1012 2694 1045 2757 et
1070 2693 1220 2758 mentem
1240 2684 1327 2755 divi·

206 2811 351 2881 niorem.
378 2810 548 2881 instinctu
567 2818 715 2882 naturae
739 2811 896 2882 carmina
923 2820 1133 2905 componunt
1158 2810 1327 2905 ejusmodi

205 2934 364 3009 homines
379 2944 483 3029 atque
497 2934 619 3006 eadem
630 2935 802 3029 singulari
818 2935 1060 3008 benevoientia
1070 2935 1120 3007 eis
1136 2935 1328 3007 sententias

204 3069 237 3130 et
256 3058 447 3130 orationem
472 3058 681 3153 suppeditat,
704 3059 823 3155 quales
847 3059 975 3153 vulgus
999 3059 1130 3132 frustra
1156 3060 1322 3156 requirat.

203 3185 359 3270 Quorum
387 3183 424 3253 in
451 3207 635 3255 numerum
664 3185 932 3278 aggregandum
958 3164 1034 3257 esse
1055 3187 1182 3258 Bonam
1209 3207 1323 3275 nemo,

204 3309 340 3401 opinor,
371 3308 598 3380 asseverabit.
638 3308 817 3381 Facultate
844 3309 936 3380 enim
970 3309 1146 3404 praeditus
1178 3318 1326 3381 estnon

204 3433 342 3523 eximia,
359 3432 466 3505 immo
481 3431 553 3504 fere
568 3432 676 3506 nulla.
698 3434 832 3505 Versus
849 3434 1053 3529 plerumque
1073 3434 1193 3506 scribit
1215 3456 1326 3530 neque

204 3557 322 3629 verbis
345 3580 457 3653 neque
484 3558 589 3630 rebus
613 3559 795 3652 insignes3
821 3558 941 3630 scribit
967 3568 1082 3631 autem
1112 3581 1182 3630 non
1202 3559 1326 3631 mentis

204 3683 299 3754 illius
315 3682 494 3753 divinioris
510 3682 546 3752 vi
572 3683 750 3773 subactus,
774 3706 900 3779 neque,
926 3693 963 3754 ut
982 3683 1031 3754 ita
1051 3683 1178 3772 dicam,
1197 3683 1326 3756 invitus

203 3807 396 3899 imperante
411 3828 522 3895 musa,
551 3806 613 3878 sed
640 3807 795 3902 placidus
811 3819 845 3880 et
864 3809 919 3880 sui
937 3830 1076 3901 compos
1092 3817 1126 3880 et
1149 3807 1326 3881 voluntate

203 3941 303 4025 atque
322 3931 529 4024 cogitatione
555 3931 736 4003 adductus.
770 3932 843 4016 Quo
870 3933 908 4004 fit
928 3941 963 4002 ut
986 3931 1060 4004 fere
1092 3933 1208 4004 omnia
1234 3956 1321 4027 quae

204 4057 376 4128 edidit-
406 4056 556 4152 exceptis
577 4057 782 4153 quibusdam
803 4058 1065 4152 epigrammatis
1085 4098 1133 4110 -
1152 4055 1321 4150 frigeant,

204 4183 294 4279 quod
310 4205 559 4276 saepenumero
576 4184 613 4252 in
624 4183 773 4276 singulis
789 4183 1072 4276 vituperavimus
1087 4191 1120 4254 et
1136 4182 1228 4254 intra
1242 4183 1324 4254 vui-

203 4306 298 4400 garis
313 4305 562 4378 mediocritatis
579 4307 745 4379 terminos
762 4307 1017 4380 contineantur.
