3124 4988
260 409 293 462 96
394 455 396 459 .
658 412 703 464 ΒΕ
720 411 990 465 urlouaumnms

259 560 354 634 omni
383 560 446 632 illa
479 561 740 633 enumeratione
764 585 834 632 non
865 562 981 634 inesse
1006 570 1138 634 certum
1158 559 1386 658 lucidumque

259 678 431 770 ordinem,
453 678 557 749 immo
574 678 747 773 quandam
770 677 886 750 inesse
907 676 1160 750 confusionem.
1191 677 1331 749 Etenim
1348 678 1386 747 in

258 819 327 869 uno
342 796 532 891 eodemque
545 819 651 867 versu
667 794 872 891 Sophoclem
888 805 922 867 et
944 795 1146 882 Isocratem,
1168 794 1206 865 in
1220 793 1287 866 alio
1306 796 1385 866 Ma-

259 935 379 985 ronem
401 912 505 984 simul
523 936 563 985 ac
578 911 732 987 Plinium
764 923 949 1007 utrumque
968 911 1135 993 nominat,
1154 910 1212 1006 qui
1228 909 1384 1007 profecto

259 1039 330 1102 tam
347 1029 508 1101 dissimili
530 1030 675 1122 ingenio
700 1029 840 1102 luerunt
867 1037 904 1100 ut
932 1030 1058 1100 Benam
1089 1028 1297 1124 oportuisset
1322 1051 1383 1101 eos

259 1146 408 1243 quodam
430 1146 632 1219 discrimine
661 1148 860 1241 sejungere.
881 1183 930 1198 ·-
957 1145 1026 1217 Sed
1055 1144 1097 1216 de
1119 1144 1384 1239 epigrammatis

259 1285 345 1359 quae
360 1263 404 1335 ad
417 1261 551 1335 litteras
562 1263 738 1358 pertinent
751 1264 932 1334 hactenus.
955 1262 1057 1332 Nunc
1072 1261 1115 1332 ad
1134 1263 1305 1332 amatoria
1321 1283 1382 1332 ve·

259 1381 374 1452 nimus
389 1403 475 1475 quae
497 1390 668 1452 tantarum
689 1378 936 1468 molestiarum,
970 1386 1008 1450 ut
1037 1399 1143 1472 supra
1163 1378 1383 1449 demonstra·-

258 1496 384 1585 vimuS,
407 1508 529 1591 poetae
545 1519 671 1568 causae
686 1497 837 1568 fuerunt.

305 1615 345 1686 ln
359 1614 442 1704 illis,
460 1636 656 1710 quanquam
670 1615 802 1708 majore
819 1612 947 1683 amoris
967 1611 1106 1683 flamma
1127 1611 1290 1682 incensus
1305 1633 1384 1682 esse

255 1729 392 1802 videtur
420 1753 521 1827 quam
554 1730 590 1800 in
622 1731 757 1824 elegiis,
780 1739 894 1802 tamen
917 1731 1055 1824 saepius
1074 1727 1227 1822 frigidus
1255 1734 1320 1816 est,
1346 1736 1383 1797 ut

256 1848 459 1942 plerumque
478 1847 515 1918 in
539 1850 633 1918 omni
658 1846 750 1918 libro
780 1846 877 1918 solet.
897 1847 1003 1940 Cujus
1016 1845 1093 1917 vitii
1107 1844 1303 1940 exemplum
1316 1842 1393 1913 hoc-

258 1962 472 2058 epigramma
493 1962 645 2057 proferri
666 1973 814 2058 potest«
844 1964 887 2035 ad
902 1963 1091 2037 Candidam
1107 1989 1125 2033 u
1149 1987 1157 2032 ε

418 2151 459 2210 Es
474 2151 590 2226 quoties
607 2150 708 2209 vicina
724 2149 810 2221 mihi,
828 2157 901 2209 tunc
916 2157 1019 2210 aestuo
1034 2157 1125 2219 101111,

457 2240 500 2298 Ut
515 2258 583 2298 cum
599 2239 772 2317 sulphureis
785 2239 905 2314 ignibus
918 2241 1015 2300 AEtna
1034 2239 1149 2297 fremit.

420 2331 489 2386 Ate
503 2328 631 2387 discessi
648 2329 778 2404 quoties,
795 2333 866 2386 tunc
882 2327 979 2404 frigeo
996 2335 1087 2397 totus,

459 2419 501 2477 Ut
516 2436 609 2494 quum
624 2417 792 2477 Gaucaseus
813 2419 869 2476 sub
882 2419 954 2476 nive
968 2418 1086 2477 anhelat
1101 2435 1187 2492 apex.

417 2509 499 2582 Ergo
510 2508 555 2568 las
571 2508 664 2568 alium
678 2515 719 2579 te,
736 2509 881 2580 Candida,
898 2509 1000 2568 dicere
1014 2509 1119 2578 solem,

461 2598 573 2674 Utpote
585 2616 661 2675 quae
673 2597 765 2658 facias
779 2604 894 2657 aestum
916 2599 1115 2676 hyememque
1128 2597 1230 2657 mihi¹.

541 2873 577 2927 0!
594 2875 677 2942 igitur
687 2873 787 2943 glacies
803 2873 1050 2946 quovisiardentior
1062 2876 1141 2944 igne!

544 2953 585 3009 01
600 2955 671 3023 ignis
685 2956 778 3026 quavis
792 2956 918 3026 frigidior
928 2956 1027 3026 glacie,

537 3038 591 3089 Aut
605 3053 639 3090 ne
652 3053 696 3090 me
710 3037 824 3106 perdant
837 3043 882 3092 tua
895 3039 1010 3107 frigora,
1025 3041 1117 3096 mitius
1129 3057 1180 3095 ure
1194 3057 1200 3092 :

537 3128 593 3180 Aut
605 3142 639 3180 ne
653 3127 769 3193 flamma,
781 3126 845 3195 gelu
857 3130 970 3199 projice,
985 3131 1062 3198 Diva,
1077 3137 1161 3185 tuum.
1173 3129 1284 3202 (Muret,
1296 3128 1380 3199 Ekp.

257 3202 321 3274 lx.)
333 3204 409 3268 item,
428 3220 462 3258 ex
472 3207 601 3260 Borhouii
615 3206 711 3277 Napis
721 3208 753 3280 (l,
770 3207 844 3276 152).

401 3295 514 3358 Quaeris
528 3312 622 3366 aquas,
637 3296 731 3366 virgo?
743 3299 799 3352 Duo
814 3308 875 3354 sunt
887 3317 947 3356 mea
964 3301 1066 3356 lumina
1075 3303 1175 3367 fontes;

470 3375 514 3429 Ex
527 3379 624 3447 quibus
643 3376 714 3450 (oro)
726 3379 786 3435 vide
800 3381 908 3434 flamina
921 3388 1020 3452 quanta
1031 3383 1123 3437 fluant.

401 3456 477 3520 Quod
492 3459 514 3510 si
523 3458 615 3528 ignem
629 3460 747 3529 quaeris,
763 3477 823 3514 mea
838 3469 899 3515 sunt
911 3465 1067 3533 praecordia
1080 3466 1204 3518 fiammae

471 3537 525 3603 Sic,
541 3544 570 3592 ut
588 3556 657 3608 aqua
665 3541 693 3593 in
708 3557 752 3597 me
766 3542 857 3612 ignem
871 3545 993 3610 suscites,
1008 3545 1078 3613 ignis
1094 3562 1201 3616 aquam.

293 3624 361 3679 Vide
370 3626 451 3680 etiam
463 3628 533 3698 apud
550 3631 674 3701 eundem,
690 3632 711 3696 Ι,
722 3631 789 3697 2293
807 3638 833 3687 et
847 3634 879 3699 ll,
894 3651 978 3688 carm.
989 3635 1106 3688 LXXIV
1120 3640 1146 3688 et
1160 3633 1273 3689 LXXV.

453 3718 496 3770 Ad
508 3717 625 3787 puellam
641 3722 747 3776 nomine
762 3722 916 3790 Candidum,
934 3725 995 3778 nive
1008 3725 1169 3778 lusitantem.

400 3795 517 3852 Candida
532 3801 654 3856 candenti
668 3803 752 3871 gestis
766 3803 827 3858 nive
841 3804 944 3875 ludere,
961 3806 1046 3875 virgo,

399 3878 486 3948 Nunc,
503 3882 609 3951 quando
624 3882 748 3957 extinctis
759 3885 882 3950 floribus,
895 3886 990 3940 horret
1002 3887 1109 3958 hyems.

398 3962 449 4012 Ast
462 3959 535 4016 inter
547 3962 644 4032 digitos
659 3963 707 4016 tihi
721 3963 769 4017 nix
781 3965 852 4033 perit
865 3972 946 4036 atque
960 3965 1085 4038 liquescit
1100 3984 1107 4020 :

400 4039 444 4094 Sic
456 4048 570 4113 pereunt
586 4042 718 4116 homines,
735 4062 803 4116 quos
816 4052 862 4100 tua
876 4049 962 4100 torma
976 4050 1075 4119 coquit.

556 4141 598 4195 Ad
613 4144 743 4211 eamdem,
764 4144 896 4200 dGraeco
916 4155 1077 4207 Πολιτϊανοῦ.

401 4219 550 4276 Pallantem
565 4222 662 4277 violam
678 4226 771 4291 mittis,
787 4225 898 4296 palloris
908 4228 1013 4282 abunde

402 4301 450 4354 Est
460 4302 538 4370 mihi,
549 4319 578 4358 se
589 4308 666 4376 cujus
681 4309 811 4375 sanguine
820 4310 906 4377 pascit
923 4312 1016 4365 Amor.
