3116 4978
238 360 270 410 40
709 363 755 414 DE
772 361 895 412 SYLVIS

240 517 382 598 nentur,
401 509 550 603 tigribus
564 510 674 603 aguit
693 510 818 583 Omnia
842 508 891 582 sic
912 509 1063 603 singula,
1082 509 1138 582 vel
1152 510 1282 596 infima,
1299 531 1360 603 per

236 625 354 718 jocum
369 625 540 720 poeticum
556 624 830 713 transferuntur,
840 633 874 697 et
888 627 1137 721 quae-maxime
1152 626 1194 697 ab
1209 625 1360 722 antiquis

240 739 450 836 discrepant,
488 765 576 838 quae
604 743 857 831 recentissima,
887 765 975 839 quae
996 744 1144 816 maxime
1171 742 1361 816 christiana

240 855 490 942 sunt‚iorrnam
502 859 682 955 antiquam
691 858 782 954 apud
792 868 951 931 nostrum
965 868 1059 932 tanto
1072 858 1185 951 magis
1195 859 1357 931 induunt.

242 973 289 1044 Ut
301 974 457 1069 exempla
471 974 639 1070 quaedam
654 975 812 1064 afferam,
837 999 907 1047 non
928 999 971 1048 ex
989 977 1061 1048 sole
1076 975 1171 1047 orbis
1188 985 1361 1047 terrarum

241 1091 358 1162 lumen
373 1099 406 1162 et
419 1090 510 1163 diem
525 1092 662 1186 accipit,
670 1091 732 1164 sed
739 1091 842 1164 Titan
857 1100 973 1164 terras
987 1092 1160 1184 illustrat;
1174 1113 1244 1162 non
1259 1090 1362 1186 igno-

243 1205 330 1276 biles
345 1217 515 1300 pastores,
531 1231 677 1302 quorum
699 1231 744 1282 ne
760 1209 903 1281 nomina
928 1208 1064 1305 quidem
1080 1207 1139 1303 pia
1155 1207 1248 1280 fama
1265 1205 1362 1278 nobis

241 1323 483 1412 transmisit,o
512 1323 656 1398 collibus
674 1326 827 1398 Judaeae
852 1325 1068 1398 descendunt
1097 1335 1134 1396 ut
1160 1331 1358 1394 nascentem

244 1439 345 1510 deum
377 1450 410 1511 et
441 1462 561 1534 regem
585 1442 750 1522 invisant,
783 1443 845 1514 secl
871 1442 1016 1538 Tityrus
1050 1452 1083 1513 et
1114 1441 1300 1513 Damoetas
1332 1447 1365 1509 et

244 1557 375 1646 AEgon,
392 1555 440 1629 ita
465 1569 501 1628 ut
526 1558 612 1630 haec
628 1560 757 1632 Christi
772 1559 912 1632 Natalia
933 1557 1173 1651 Virgilianum
1197 1555 1363 1653 quiddam

247 1672 426 1746 redoleant
473 1685 506 1746 et
549 1698 617 1746 non
666 1676 809 1764 Christi,
851 1675 913 1746 sed
948 1672 1010 1744 lilii
1050 1671 1221 1746 Pollionis
1253 1684 1363 1743 ortum

244 1788 397 1877 felicem,
414 1789 591 1864 celebrare
620 1801 654 1863 et
690 1789 889 1886 glorificare
921 1792 1118 1864 videantur.
1148 1790 1206 1862 Sic
1231 1811 1365 1882 semper

249 1905 426 1979 Christum
437 1916 538 2003 atque
549 1907 680 1980 Christi
695 1908 899 2002 religionem
915 1929 978 2002 per
995 1915 1131 1978 veteres
1146 1913 1265 1998 poetas
1274 1903 1367 1975 videt
1424 1893 1427 1901 ’

247 2031 318 2111 aut,
343 2046 409 2119 quo
433 2023 560 2096 clarius
586 2025 712 2113 dicam',
731 2036 867 2098 veteres
893 2033 1014 2120 poetae
1035 2020 1191 2095 officiunt
1212 2022 1362 2094 Christo.

248 2138 354 2234 quue
368 2138 490 2210 vitium
502 2139 588 2212 adeo
600 2141 736 2235 penitus
751 2141 892 2213 insitum
907 2148 960 2212 est
974 2139 1090 2211 auimo
1103 2138 1215 2208 Bezae
1225 2148 1276 2226 ut,
1290 2159 1370 2207 cum

251 2253 455 2325 memoravit
474 2253 566 2326 haue
583 2255 762 2326 Natalium
786 2265 921 2328 noctem
950 2262 1019 2327 toto
1045 2252 1188 2346 vigilari
1213 2251 1249 2321 in
1280 2251 1370 2323 orbe

251 2369 385 2464 piisque
413 2369 455 2441 ab
485 2370 687 2442 hominibus
716 2371 862 2443 faustam
895 2380 996 2465 atque
1018 2367 1141 2444 testam
1170 2367 1297 2461 agitari
1329 2376 1363 2439 et

253 2511 271 2556 «
300 2485 467 2580 applausu
483 2510 502 2556 a
521 2487 684 2559 universo
704 2511 722 2556 u
743 2510 867 2560 sonare
882 2512 916 2577 n,
931 2485 1059 2558 addere
1074 2508 1144 2555 non
1159 2484 1368 2556 dubitaverit

252 2626 321 2673 non
339 2603 448 2694 orgiis
461 2610 568 2674 totam
584 2605 738 2675 consumi
753 2603 888 2699 qualem

332 2817 450 2878 AEdere
465 2824 657 2888 consuerant,
676 2817 762 2876 ebrio
776 2835 868 2894 quum
886 2835 972 2877 sacra
993 2819 1093 2894 Lyaeo

332 2909 458 2966 lusanae
477 2907 609 2965 iacerent
627 2913 740 2966 matres
755 2914 845 2983 atque
859 2924 931 2966 aera
945 2912 1088 2966 sonarent

334 2997 478 3056 Semiviri
492 2997 640 3074 quondam
655 2997 692 3056 ad
708 2997 836 3074 Cybeles
851 2996 957 3056 altaria
972 2996 1061 3056 Galli.

301 3199 355 3271 Ne
369 3198 484 3293 plura,
503 3197 727 3271 manifestum
745 3208 797 3271 est
808 3198 932 3270 Bezam
949 3198 1090 3269 minime
1107 3199 1202 3294 pium
1215 3197 1371 3269 animum

254 3327 288 3388 et
311 3315 538 3386 christianum
556 3315 594 3385 in
613 3314 672 3386 illa
691 3314 882 3387 christiana
904 3313 1051 3387 materia
1081 3312 1260 3386 tractanda
1278 3319 1374 3385 attu-

254 3431 336 3502 lisse
359 3440 460 3525 atque
484 3430 560 3523 ipsa
576 3430 706 3502 Christi
735 3431 873 3503 Natalia
901 3429 1023 3502 eadem
1051 3429 1223 3518 libertate,
1254 3428 1374 3500 eadem

250 3549 370 3644 jocosa
380 3555 413 3618 et
427 3546 558 3640 poetica
566 3546 783 3639 negligentia
796 3545 995 3619 celebrasse
1011 3545 1134 3642 quibus
1144 3546 1218 3640 jam
1230 3554 1376 3617 mortem

255 3664 353 3736 Decii
373 3663 594 3736 Ciceronisve
623 3663 873 3735 celebraverat.
904 3662 1090 3755 Frigidum
1109 3660 1234 3732 inillis
1258 3659 1375 3756 sylvis

256 3777 452 3853 eumfuisse
465 3778 795 3871 demonstravimus3
812 3779 849 3848 in
861 3778 927 3850 hac
938 3776 1100 3872 frigidior
1109 3778 1212 3848 etiam
1222 3776 1374 3864 videtur,

256 3898 349 3994 quod
361 3898 506 3990 gravius
521 3905 587 3987 est,
609 3905 656 3985 et,
677 3894 768 3988 quod
783 3894 938 3967 omniurn
952 3893 1216 3988 gravissimum,
1233 3892 1377 3964 indeco-

259 4037 320 4086 rus
344 4024 379 4086 et
403 4013 528 4107 turpis,
558 4014 668 4098 Quam
694 4012 812 4083 multis
835 4021 952 4084 tamen
978 4010 1152 4105 variisque
1177 4008 1301 4097 modis,
1319 4008 1377 4102 qui

259 4151 380 4200 omnes
400 4127 539 4224 quidem
559 4128 721 4222 jucundi,
746 4151 790 4200 ne
809 4127 923 4199 dicam
946 4125 1172 4199 vehementes
1192 4134 1225 4198 et
1253 4146 1378 4220 graves

259 4244 493 4339 sublimesque
513 4243 673 4334 fuissent,
691 4243 758 4317 hoc
772 4244 928 4315 divinum
946 4253 1192 4335 argumentum
1210 4242 1379 4336 explicari
