3116 4978
415 423 461 472 Dn
477 421 654 474 renonent
671 419 781 472 cazas
798 419 1063 472 ADULESCENTIA
1270 417 1305 470 21

182 567 445 640 adamantus
458 566 522 640 luit
535 567 845 662 praeclarissimus.
863 568 978 652 Quare
998 568 1169 662 quaedam
1190 563 1301 637 colle·

181 685 233 776 git
252 685 489 779 excerpsitque
505 706 523 756 c
538 681 653 754 multis
667 706 755 779 quae
767 685 954 777 scripserat
967 692 1001 755 91
1016 682 1157 753 tradidit
1173 682 1298 753 amicis

184 800 429 895 magistrisque
448 799 662 870 emendanda
681 807 715 868 et
738 799 900 894 eligenda
919 823 926 868 :
954 799 1003 869 sic
1027 799 1209 870 Poeuroto
1224 805 1304 868 nata

184 925 262 987 sunt
272 914 297 1004 ¹,
316 937 404 1011 quae
420 924 513 986 recte
530 926 634 1009 atque
651 915 725 986 siue
740 915 968 1008 ambiguitate
982 914 1169 985 verborum
1185 913 1305 1006 appel-

182 1032 248 1103 lari
260 1031 451 1104 Juvenum
465 1039 621 1125 possunt.
642 1032 733 1104 Nam
749 1033 843 1101 intra
864 1031 1068 1102 vicesimum
1087 1039 1190 1125 atque
1206 1028 1305 1124 quin-

184 1159 255 1218 tum
267 1157 299 1219 et
311 1149 512 1220 vicesimum
529 1171 657 1219 annum
674 1147 802 1241 scripta
812 1170 889 1218 esse
905 1146 1070 1218 credibile
1086 1153 1157 1237 est3
1175 1146 1301 1217 Beuum

182 1288 266 1336 vero
285 1274 365 1336 tunc
384 1265 537 1362 omnium
552 1264 704 1335 nondum
720 1263 853 1355 ingenii
871 1262 1073 1336 facultatum
1088 1260 1193 1334 fuisse
1206 1285 1306 1333 com-

184 1394 295 1476 potem
312 1381 367 1453 vel
381 1381 492 1475 quivis
512 1380 610 1452 rudis
630 1379 823 1452 litterarum
845 1381 1041 1474 perspicere
1060 1387 1173 1473 potest
1191 1388 1225 1449 et
1241 1401 1305 1449 nos

185 1521 247 1590 pro
271 1497 361 1568 virili
384 1499 522 1591 quidem
537 1507 635 1592 parte
649 1495 895 1591 explicabimus
914 1517 954 1566 ac
970 1494 1298 1567 demonstrabimus

184 1615 355 1709 Aequales
378 1613 459 1707 ipsi,
481 1613 639 1708 quamuis
659 1611 763 1684 facile
788 1612 833 1682 sit
856 1612 1055 1683 testimonia
1076 1612 1305 1706 quorumdam

184 1731 412 1802 litteratorum
436 1730 627 1823 producere
646 1727 704 1823 qui
721 1725 878 1802 libellum
899 1728 1109 1821 cumgratia
1130 1735 1164 1797 et
1185 1725 1306 1798 favore

185 1843 409 1940 acceperint2,
426 1869 495 1917 non
506 1845 657 1916 maxima
669 1843 900 1917 admiratione
911 1844 1135 1915 inPoemutu
1146 1842 1307 1914 commoti

223 2055 305 2118 ¹Qua
322 2055 462 2108 occasione
485 2051 633 2108 Juveniu'a
651 2072 700 2109 sua
726 2056 839 2110 ediderit
867 2053 937 2108 Beza
957 2055 1014 2125 ipse
1033 2053 1173 2108 narravit:
1198 2070 1212 2104 u
1233 2051 1308 2106 Tan-

187 2143 242 2188 tum
268 2135 338 2190 enim
357 2135 449 2189 aberat
463 2141 491 2188 ut
513 2151 553 2202 ea,
571 2136 716 2207 siquando
741 2137 903 2198 effudissem,
929 2135 1000 2205 apud
1025 2151 1069 2188 me
1087 2149 1258 2204 reponerem,
1279 2138 1309 2186 ut

186 2217 288 2278 contra,
309 2232 392 2286 quum
406 2215 454 2268 illa
473 2215 553 2269 edere
570 2216 775 2281 constituissem,
800 2217 898 2286 partim
926 2232 960 2269 ex
986 2215 1132 2269 memoriae
1150 2230 1221 2284 penu
1238 2212 1307 2266 mihi

185 2295 284 2349 fuerint
298 2296 492 2367 depromenda,
520 2296 619 2364 partim
635 2296 669 2349 ab
694 2298 788 2351 amicis
803 2296 1003 2351 emendicanda.
1022 2296 1197 2350 Occasionem
1215 2301 1305 2348 autern

186 2376 293 2429 editioni
304 2375 426 2445 praebuit
434 2377 461 2428 in
470 2377 565 2446 primis
574 2376 695 2430 Melioris
704 2375 785 2440 illius,
797 2378 980 2447 praeceptoris
993 2377 1125 2446 quondam
1136 2377 1199 2445 mei,
1211 2375 1307 2428 cohor-

167 2456 268 2520 ¹latio:
292 2456 324 2508 ad
339 2471 418 2525 quem
432 2455 581 2527 Tubingae,
611 2458 640 2509 in
663 2456 839 2511 illustrissimi
852 2456 994 2527 principis,
1012 2457 1088 2510 ducis
1109 2455 1308 2511 Wurtember-

186 2535 288 2605 gensis,
308 2536 406 2589 ditione
432 2537 472 2589 ius
495 2535 573 2591 civile
605 2537 786 2608 profitentem,
807 2555 886 2608 quem
914 2537 983 2591 forte
998 2539 1089 2590 nescio
1111 2537 1173 2607 quid
1192 2535 1307 2590 istorum

186 2615 330 2682 misissem,
349 2616 511 2685 (scribebam
525 2617 595 2670 enim
615 2619 648 2671 ad
663 2633 724 2672 eum
743 2634 833 2687 saepe,
849 2624 878 2671 ut
900 2624 1010 2685 gratum
1030 2616 1192 2688 discipulum
1218 2618 1308 2670 facere

187 2695 313 2765 oportuit,
327 2694 413 2749 911119
427 2712 471 2749 me
485 2697 601 2750 vicissim
613 2699 641 2751 in
657 2696 744 2751 filiurn
768 2715 876 2768 semper
895 2705 935 2752 est
960 2695 1127 2768 complexus)
1142 2713 1195 2749 non
1207 2695 1309 2749 destitit

186 2776 270 2830 donec
284 2776 454 2844 pervinceret
467 2783 498 2830 ut
507 2793 579 2830 meas
592 2777 653 2831 illas
667 2795 763 2847 nugas,
775 2778 846 2832 velut
860 2777 1056 2832 infasciculum
1075 2776 1176 2831 temere
1190 2793 1307 2845 conges-

187 2861 238 2921 tas,
251 2857 336 2926 ipsius
361 2858 463 2910 nomini
476 2873 673 2913 consecrarem.
688 2859 825 2914 Reversus
845 2861 916 2912 enim
933 2857 1044 2911 Aurelia
1058 2857 1202 2924 Lutetiam,
1216 2857 1307 2926 ibique

188 2935 259 2989 velut
278 2938 305 2989 in
323 2937 466 3008 gymnasio
488 2938 568 2991 totius
597 2939 671 2992 orbis
691 2939 888 3006 florentissimo,
912 2946 1006 2992 nactus
1020 2939 1179 3009 quibuscum
1193 2938 1220 2989 in
1236 2937 1308 2989 omni

187 3017 336 3070 studiorum
366 3033 466 3085 genere
481 3035 524 3072 me
540 3035 707 3084 exercerem,
729 3027 809 3089 prout
833 3035 892 3074 sese
919 3019 1010 3072 variae
1021 3019 1169 3072 offerebant
1193 3016 1309 3070 animia

187 3096 357 3164 gravioribus
389 3099 483 3156 studiis
511 3097 651 3153 relaxandi
678 3100 842 3165 occasiones,
868 3101 1000 3171 quaedam
1021 3105 1163 3168 praeterea
1177 3097 1307 3151 eiusmodi

188 3177 385 3247 scriptitaram:
400 3180 436 3230 ita
450 3179 557 3249 quidem
578 3180 656 3248 (absit
671 3181 754 3234 verbo
769 3180 880 3253 invidia)
893 3180 1055 3234 doctissimis
1069 3177 1143 3232 illius
1155 3178 1309 3232 academiae

188 3259 348 3323 hominibus,
360 3275 427 3329 quos
441 3260 617 3314 amicissimos
623 3261 765 3327 habebam,
779 3262 954 3330 comprobata
979 3259 1141 3333 (cuiusmodi
1152 3266 1209 3312 tum
1220 3265 1307 3323 erant,

188 3339 300 3394 loannes
315 3339 471 3404 Stracelius,
496 3341 631 3394 Adrianus
646 3342 801 3406 Turnebus,
831 3341 964 3411 Georgius
990 3340 1178 3404 Buchauanus,
1198 3341 1309 3394 loannes

189 3419 296 3483 Tarius,
313 3420 444 3474 Antonius
459 3421 609 3486 Goveanus,
634 3420 760 3476 lllellinus
776 3422 957 3490 Sangelasius,
976 3422 1126 3476 Salmonius
1146 3418 1308 3491 Macrinus),

189 3506 219 3554 ut
228 3515 274 3554 eos
287 3501 466 3564 meminerim,
480 3518 563 3571 quum
577 3501 715 3556 Francisci
733 3503 841 3556 secundi
856 3502 1047 3557 Genethliacon
1063 3502 1242 3572 scripsissem,
1256 3517 1309 3554 uno

189 3596 320 3635 consensu
334 3582 436 3651 primas
467 3581 495 3633 in
520 3583 712 3652 epigrammate
732 3583 872 3637 scribendo
897 3583 968 3636 ultro
991 3583 1057 3636 mihi
1085 3581 1221 3637 tribuisse.
1238 3581 1309 3634 Tum

188 3662 274 3731 igitur
291 3661 357 3714 mihi
374 3663 526 3732 nescioqua
544 3664 630 3715 inanis
643 3661 775 3731 gloriolae
795 3681 844 3732 spe
857 3665 947 3729 ducto,
964 3666 1063 3732 partim
1077 3662 1264 3732 praeceptoris
1276 3662 1309 3714 de

190 3759 233 3796 me
246 3741 345 3810 optime
356 3742 444 3794 meriti
455 3742 586 3797 desiderio
597 3744 751 3798 satisfacere
759 3743 802 3797 vel
816 3743 933 3798 maxime
947 3743 1076 3813 cupienti,
1091 3742 1191 3796 excidit
1203 3740 1310 3796 libellus

190 3820 250 3875 ille:
263 3821 301 3875 sic
316 3823 365 3874 911
380 3823 446 3873 meis
456 3820 540 3875 Gallis
551 3827 576 3876 91
586 3823 620 3875 ab
630 3822 703 3875 ltalis
714 3823 793 3876 etiam
807 3824 874 3891 ipsis
888 3829 1026 3892 exceptus,
1038 3829 1067 3876 ut
1076 3821 1185 3875 illorum
1202 3822 1310 3892 quidem

191 3900 382 3976 gratulationes
396 3903 519 3971 accipere
537 3918 579 3955 me
589 3903 718 3972 puderet:
734 3904 848 3958 istorum
874 3905 938 3957 verb
951 3904 998 3975 qui
1016 3903 1094 3956 199119
1107 3902 1308 3972 praestantissi-

191 3998 250 4034 mus
265 3980 412 4034 habebatur
426 3982 465 4036 M.
496 3984 629 4038 Antonius
644 3983 801 4049 Flaminius,
816 3985 843 4040 in
862 3987 932 4039 hanc
942 3987 1024 4040 etiam
1039 3999 1131 4038 vocem
1153 3987 1309 4052 erumperet

192 4077 262 4116 nnnc
283 4077 341 4115 9999
360 4077 517 4129 agnoscere,
542 4063 634 4116 Musas
658 4066 790 4134 superatis
809 4065 922 4135 Alpibus
941 4066 969 4118 in
998 4064 1098 4119 Gallias
1117 4068 1307 4132 penetrasse.»

193 4140 330 4212 (31199111.)

226 4222 238 4256 ²
254 4221 301 4293 Cf.
317 4222 458 4293 Pasquier,
477 4223 663 4293 'Recherches,
679 4226 736 4294 Vll,
755 4244 815 4297 cap.
836 4227 863 4295 2,
882 4245 913 4297 p.
928 4226 981 4281 619
995 4243 1002 4298 ;
1017 4233 1043 4280 91
1057 4226 1198 4278 Poemata
1218 4222 1309 4276 Varia

193 4303 286 4369 Besae,
300 4304 397 4373 praef.
419 4303 506 4377 15973
523 4303 628 4374 Raillet,
644 4323 688 4378 op.
700 4310 747 4362 cit.
768 4313 819 4362 etc.
