3116 4978
254 411 285 462 30
721 407 766 458 Du
784 407 905 460 SYLVIS

256 558 351 629 illius
372 580 506 651 quoqne
521 555 732 651 reipublicae
753 555 850 648 cujus
875 555 968 625 cives
988 576 1104 625 amore
1122 559 1219 624 tanto
1238 551 1375 644 flagra-

257 682 337 744 rent
358 682 395 744 ut
420 680 543 768 sponte
562 695 625 767 pro
649 672 760 766 patria
787 670 880 742 vitae
902 693 982 742 suae
1006 670 1181 764 jacturam
1208 666 1374 740 facerent.

257 790 374 884 Itaque
406 787 633 883 dispositione
659 809 778 857 rerum
806 809 892 856 usus
920 794 973 856 est
997 793 1092 856 recta
1124 793 1237 878 atque,
1267 792 1305 853 ut
1328 782 1379 852 ita

258 903 382 993 dicam,
394 904 529 976 sincera
542 911 575 975 et
589 905 709 997 proba.
723 901 846 996 Neque
862 901 1032 974 redundat
1043 922 1155 994 neque
1169 897 1378 969 diffunditur

259 1021 431 1111 narrati03
447 1019 562 1091 omnia
574 1018 844 1112 simplicitatem,
855 1017 1017 1110 pietatem
1028 1027 1062 1088 et
1072 1014 1241 1111 quendam
1251 1014 1377 1086 horro-

259 1161 331 1208 rem
348 1137 552 1230 religiosum
568 1134 876 1228 spirantNecesse
895 1142 1010 1204 autem
1027 1139 1102 1204 erat
1112 1153 1224 1224 genus
1238 1128 1379 1214 dicendi

260 1252 381 1324 laudes
396 1253 538 1324 easdem
561 1274 645 1345 prae
664 1273 701 1322 sc
725 1249 846 1322 ferret.
872 1249 998 1322 Gravis
1019 1257 1070 1320 est
1088 1247 1191 1336 Livii,
1209 1245 1381 1318 ueletiam

261 1391 384 1441 severa
403 1366 579 1459 narrati03
602 1367 766 1454 candore,
785 1365 1191 1460 modestia,ingenuitate
1208 1363 1379 1459 splendet,

260 1485 298 1556 in
322 1509 389 1580 qua
413 1492 530 1556 tamen
558 1483 649 1554 inest
673 1483 839 1578 quaedam
867 1483 1074 1574 austeritas3
1109 1480 1197 1551 nihil
1225 1479 1383 1551 insolens

261 1607 429 1695 praestat,
457 1599 546 1670 nihil
573 1607 794 1694 apparatum,
811 1597 899 1668 nihil
923 1597 1100 1690 inflatum3
1121 1593 1236 1668 omnia
1265 1605 1386 1668 contra

263 1716 411 1787 remissa
435 1723 567 1787 suntet
587 1714 745 1809 placata3
765 1715 814 1786 ita
834 1723 871 1786 ut
890 1713 975 1785 illud
983 1715 1063 1808 jure
1083 1714 1150 1786 dici
1171 1712 1279 1808 possit
1294 1713 1384 1784 hanc

264 1855 341 1904 esse
361 1831 612 1926 expositionem
632 1831 904 1926 praeclarissimi
923 1832 1008 1902 civis
1028 1830 1163 1902 romani
1182 1830 1239 1925 qui
1257 1830 1385 1923 majes-

265 1956 371 2020 tatem
397 1970 576 2020 romanam
601 1947 787 2041 magnifice
818 1947 1057 2020 celebraverit.
1079 1948 1169 2018 Beza
1195 1969 1278 2018 vero
1296 1944 1385 2015 nihil

264 2064 359 2137 aliud
378 2065 593 2160 propositum
609 2065 729 2136 habuit
745 2064 813 2136 nisi
832 2073 869 2136 ut
887 2063 1027 2156 ingenio
1047 2087 1109 2135 suo
1130 2061 1326 2155 indulgeret
1342 2085 1384 2132 ex

265 2204 374 2275 eoque
402 2179 492 2252 Livii
523 2181 598 2252 loco
621 2183 801 2274 egregiam
836 2181 1054 2276 depromeret
1083 2178 1380 2251 declamationem.

267 2299 383 2383 Quare
411 2297 540 2391 quoda
565 2298 732 2392 scriptore
756 2319 898 2369 romano
923 2297 1027 2368 sumit
1055 2295 1141 2368 adeo
1164 2287 1384 2367 immutatum

266 2413 380 2484 reddit
395 2421 431 2483 ut
445 2415 561 2484 omnia
571 2413 773 2508 perturbata
786 2414 856 2485 sint
870 2413 996 2508 vixque
1008 2435 1199 2506 agnoscere
1213 2411 1386 2506 possimus

267 2552 450 2625 quemnam
464 2529 509 2601 sit
523 2529 689 2602 imitatus.
699 2530 871 2620 Primum,
887 2529 1045 2624 quamvis
1055 2529 1091 2598 in
1107 2529 1260 2601 carmine
1274 2529 1387 2600 Benae

268 2643 394 2717 Decius
407 2641 538 2740 'primas
558 2657 701 2739 occupet
723 2655 841 2741 atque,
864 2654 903 2717 ut
921 2645 969 2717 ita
984 2645 1109 2735 dicam,
1132 2643 1280 2716 clariore
1294 2645 1388 2739 posi-

176 2826 178 2830 .
267 2770 323 2833 tus
346 2762 391 2832 sit
408 2761 445 2831 in
460 2761 591 2833 lumine
610 2785 710 2856 qnam
729 2763 766 2832 in
781 2762 872 2835 Livii
889 2763 1100 2851 narratione,
1124 2759 1269 2832 multum
1289 2760 1389 2832 abest

267 2887 306 2950 ut
328 2876 448 2950 eadem
474 2877 702 2950 admiratione
726 2902 788 2950 nos
813 2869 1062 2950 commovear.
1091 2877 1183 2948 Nam
1208 2877 1324 2950 inesse
1351 2879 1387 2949 in

269 2993 333 3064 hac
362 2994 460 3088 sylva
488 2995 660 3089 quandam
686 2995 862 3067 levitatem
892 2994 1060 3066 sentimus
1085 3003 1292 3089 poetamquc
1319 3017 1389 3065 non

270 3109 428 3202 graviter
448 3119 481 3181 et
501 3111 592 3182 serio
607 3120 759 3183 tractare
780 3134 852 3182 rem
873 3134 950 3182 cum
973 3133 1119 3202 gravem
1139 3120 1210 3182 tum
1229 3132 1389 3182 severam

309 3389 318 3424 ¹
330 3387 467 3452 Quaedam
480 3393 592 3446 mumvit
604 3397 631 3446 et
645 3393 795 3447 emendavit
809 3393 879 3446 Beza
891 3393 919 3445 in
932 3393 1010 3446 tertia
1024 3390 1194 3445 Poematum
1208 3391 1331 3449 editione.

379 3495 407 3550 3.
428 3498 582 3553 Subsidium
598 3506 639 3554 est
654 3516 660 3554 :
678 3501 780 3570 patriae
790 3501 887 3554 Decius
901 3517 983 3571 quum
996 3505 1065 3554 totus
1078 3515 1171 3554 amore

428 3579 558 3634 Ferridus
572 3587 599 3635 et
607 3582 729 3650 geminas
742 3581 854 3635 tendens
868 3581 902 3634 ad
916 3582 1005 3634 sidera
1017 3579 1132 3650 palmas.

361 3655 407 3710 10.
426 3658 547 3728 Dixerat,
563 3661 667 3734 interea
681 3661 767 3734 victor
780 3662 943 3730 fugientibus
954 3661 1039 3714 hostis
1165 3725 1167 3731 Ι

425 3738 556 3804 Imminet,
574 3749 600 3796 et
612 3743 710 3812 trepidi
720 3749 813 3795 nutant
826 3741 962 3795 hincinde
977 3741 1101 3810 quirites

362 3817 407 3872 27.
428 3817 456 3871 Si
466 3836 519 3890 qua
527 3821 627 3890 premit
639 3813 753 3894 patriam
767 3822 893 3889 nemesis,
904 3837 974 3874 nunc
983 3821 1093 3874 vincere
1104 3820 1218 3875 Romam

426 3897 546 3954 Crimina
564 3902 586 3954 si
602 3917 653 3972 qua
669 3907 768 3966 vetant,
784 3901 880 3954 Decius
894 3900 949 3954 luat
963 3901 1052 3954 omnia
1065 3899 1147 3955 solus.

363 3974 408 4030 33.
429 3977 541 4034 Ominor
552 3998 616 4036 ecce
625 3982 717 4051 fugam
727 3980 846 4035 moriens
861 3987 1029 4051 mortemque
1043 3978 1154 4036 Latinis.

364 4056 410 4112 35.
432 4059 524 4123 Qualis
539 4069 599 4132 post
617 4063 701 4115 noctis
716 4063 840 4115 tenebras
853 4060 960 4130 fulgore
975 4075 1087 4114 corusco

431 4142 534 4195 Emicat
547 4148 574 4196 et
585 4149 667 4196 totum
683 4141 802 4197 illustrat
816 4141 856 4196 sol
870 4158 968 4196 aureus
981 4141 1086 4203 orbem,

427 4220 503 4276 Talis
518 4240 587 4294 equo
601 4222 723 4276 insiliens
737 4225 834 4278 Decius
849 4222 970 4277 sublimis
983 4222 1136 4278 habenas...

368 4303 413 4359 43.
434 4302 558 4358 Consulis
567 4305 672 4359 attoniti
685 4306 764 4359 iacto.
781 4305 838 4357 lam
852 4309 930 4373 terga
943 4305 1054 4360 Latinus
1057 4345 1111 4362 .....
