3124 4988
674 383 878 454 conouusro'
1285 396 1331 447 tou

206 547 296 628 ,Beza
314 549 509 621 incredibili
529 549 674 646 quadam
704 548 884 642 diligentia
916 557 1120 643 summaque
1155 545 1330 643 voluptate
1404 517 1408 526 ¹

207 673 243 743 in
264 695 326 745 sua
360 674 500 769 propria
523 673 702 746 transtulit
731 682 765 744 et
798 673 850 744 sui
873 671 968 768 juris
998 671 1112 746 fecit¹.
1142 671 1331 743 Praeterea
1448 723 1450 728 -

85 845 88 852 ⁴
204 847 253 858 -
268 806 360 902 quod
374 829 443 877 non
465 807 577 879 minus
597 805 922 902 reprehendendum
936 816 988 877 est
1006 805 1128 876 vitium
1146 804 1329 876 .—latinos

205 940 325 1025 poetas
338 955 424 1027 quos
435 930 877 1004 nominavimusinterdum
892 930 1130 1007 rhetoricaeet
1141 927 1326 1002 artideola-
1436 921 1437 924 '

200 1054 373 1129 'materiae
394 1058 498 1128 nimis
527 1057 661 1130 deditos
685 1056 795 1129 fuisse
823 1066 975 1148 constat3
1001 1057 1091 1144 Baua
1115 1065 1228 1129 autem
1260 1079 1329 1127 non

206 1180 315 1252 solum
330 1182 419 1255 illud
440 1182 563 1255 vitium
579 1206 650 1254 non
665 1182 856 1254 detestatus
870 1190 935 1270 est,
954 1182 1014 1254 sed
1033 1182 1139 1255 etiam
1155 1180 1328 1276 singulari

205 1329 288 1378 cura
306 1305 468 1393 excoluit,
491 1315 528 1378 11
557 1331 598 1378 ex
627 1306 832 1404 quibusdam
857 1306 1043 1402 Sylvarum
1067 1317 1101 1380 11
1125 1306 1327 1400 Elegiarum
1441 1285 1443 1294 ’

205 1430 288 1502 locis
302 1431 495 1520 clarissime
508 1441 614 1529 patet.
635 1432 744 1516 Quam
759 1431 885 1504 multae
898 1432 989 1502 enim
1005 1441 1051 1520 11,
1072 1440 1108 1504 11
1126 1433 1175 1503 ita
1199 1431 1324 1517 dicam,

203 1554 344 1649 lougius
358 1580 399 1642 ac
420 1557 494 1628 siue
513 1557 581 1630 fine
605 1557 794 1655 productae
823 1555 1109 1652 amplificationes
1132 1556 1329 1651 explicatio-

203 1703 334 1775 nesque
354 1683 589 1774 reperiuntur,
602 1682 726 1778 quibus
737 1693 922 1754 enervetur
939 1705 1082 1754 carmen
1101 1692 1136 1753 et
1147 1682 1328 1774 ingraues-

204 1810 277 1877 cat!
306 1807 443 1900 Optima
473 1817 507 1878 et
533 1808 748 1879 admirabilis
771 1817 804 1878 11
838 1809 973 1899 magnis
1008 1815 1142 1894 tanturn
1174 1807 1327 1899 ingeniis

204 1953 367 2036 concessa
380 1940 432 2001 est
445 1955 486 2003 ea
503 1931 665 2020 imitatio,
684 1955 773 2025 quae
787 1931 955 2027 quidquid
970 1930 1111 2002 aliunde
1126 1932 1271 2024 sumpsit
1290 1932 1326 2001 in

205 2055 325 2126 melius
350 2057 511 2128 immutat
538 2068 586 2146 et,
604 2068 640 2128 ut
660 2057 772 2142 aiunt,
802 2079 862 2127 aes
883 2056 1019 2150 accipit.
1043 2073 1167 2127 aurum
1191 2056 1324 2148 reddit;

204 2179 292 2251 bona
307 2189 341 2250 et
354 2178 544 2272 probabilis
560 2203 599 2252 ea
614 2203 716 2275 quae,
738 2203 930 2275 quanquam
946 2179 1195 2274 exemplarium
1205 2165 1328 2251 laudes

202 2327 271 2375 111
291 2327 410 2374 omnes
432 2326 543 2399 neque
572 2327 707 2399 semper
725 2304 904 2400 adaequat,
926 2304 1105 2376 interdum
1120 2312 1237 2377 tamen
1257 2327 1326 2375 non

201 2429 383 2500 infeliciter
398 2429 605 2518 aemulatur,
624 2452 798 2524 nunquam
825 2431 974 2524 turpiter
1002 2431 1170 2525 inquinat.
1193 2431 1326 2501 Harum

202 2545 360 2626 neutram
371 2563 549 2648 praestant
565 2554 674 2627 Bezae
683 2555 852 2626 carmina.
871 2555 939 2626 Sed
954 2555 1073 2626 servili
1084 2563 1118 2626 et
1131 2554 1325 2649 spernendo

201 2677 410 2749 imitatorum
434 2680 538 2772 gregi
562 2678 842 2751 adnumerandus
865 2690 931 2768 est,
949 2680 1008 2776 qui
1034 2679 1120 2749 nihil
1136 2678 1192 2751 vel
1213 2701 1325 2772 pauca

201 2801 384 2874 admodum
408 2803 451 2874 de
479 2827 516 2875 se
534 2807 714 2898 praebent,
739 2805 935 2877 alienorum
959 2827 1102 2898 operum
1127 2804 1320 2898 pulchritu·

6 2935 7 2938 ’
103 2974 106 2978 -
200 2928 315 3000 dinem
338 2921 572 3021 extenuatam,
600 2931 842 3023 deformatam,
870 2932 1027 3004 vitiatam
1047 2939 1320 3026 repraesentant.

247 3055 425 3127 Hactenus
440 3057 556 3151 qualia
571 3081 633 3153 per
656 3081 692 3129 se
708 3065 824 3130 essent
838 3065 996 3152 poemata
1019 3056 1274 3128 declaravimus
1290 3065 1324 3128 et

200 3181 318 3276 quanti
334 3182 560 3254 aestimanda.
579 3183 769 3256 Videamus
786 3206 876 3254 nunc
895 3206 1082 3278 quemnam
1102 3181 1216 3254 locum
1231 3181 1324 3253 obti-

200 3315 280 3377 neat
301 3316 418 3379 noster
433 3308 527 3378 inter
539 3310 713 3402 aequales,
728 3309 787 3404 qui
803 3306 965 3400 permulti
978 3305 1194 3379 carminibus
1209 3305 1325 3378 latinis

199 3453 340 3523 operam
357 3432 528 3503 dederunt
553 3457 615 3524 per
632 3433 757 3504 otium.
774 3433 937 3527 Exceptis
959 3431 1032 3503 illis
1046 3431 1104 3527 qui
1113 3433 1189 3527 jam
1204 3431 1247 3503 ab
1260 3432 1324 3503 hac

198 3564 311 3626 aetate
325 3556 456 3626 nullam
471 3557 698 3628 obtinuerunt
718 3558 920 3629 notitiamet
940 3558 1032 3628 inter
1046 3556 1215 3629 obscuros
1228 3579 1324 3628 man-

199 3689 320 3751 serunt
331 3680 582 3770 obscurissimi,
596 3681 1321 3777 111111111111161111111111111111111,

197 3803 415 3878 Bonefonius
445 3803 572 3901 aliique
601 3807 714 3896 multi,
750 3807 867 3879 nullus
897 3817 950 3879 est
981 3806 1067 3895 fere,
1102 3829 1144 3878 ex
1175 3807 1226 3878 eis
1265 3810 1322 3903 qui

198 3930 348 4002 diversis
370 3931 558 4002 virtutibus
577 3932 749 4027 quandam
776 3932 928 4025 gloriam
949 3930 1042 4027 apud
1061 3941 1220 4026 posteros
1245 3942 1324 4003 sunt

199 4057 387 4144 consecuti,
410 4078 511 4151 quem
536 4056 640 4150 longe
664 4066 842 4150 praestare
865 4058 976 4130 Bezae
992 4078 1061 4126 non
1075 4054 1323 4127 fortiterasfir-

235 4304 243 4336 ¹
266 4299 365 4372 Sylvae
379 4301 400 4370 Ι,
417 4300 461 4368 11,
476 4301 527 4368 13;
541 4301 574 4364 ll,
590 4300 635 4363 46,
651 4299 706 4374 7⁰3
723 4303 769 4368 lll,
785 4302 812 4364 9,
829 4300 874 4370 30,
888 4300 933 4368 41,
949 4298 997 4366 48,
1013 4308 1078 4367 eto,
1094 4308 1145 4356 etc.
