3124 4988
620 449 665 498 DE
681 447 816 498 annuns

236 600 277 657 At
295 613 349 654 vos
363 593 534 673 quinostris
548 593 674 665 vicinas,
692 600 755 673 etc3

158 774 191 834 et
216 763 276 836 ille
293 765 388 837 locus
415 788 482 859 quo
509 763 750 836 demonstrare
774 773 918 834 conatur
951 785 1019 834 non
1049 763 1180 835 crimen
1201 787 1277 836 esse

156 902 287 969 amare,
304 880 384 976 quia
397 880 520 952 Venus
534 881 608 975 ipsa
623 887 657 951 et
670 879 726 950 Dii
739 902 876 971 semper
886 879 1101 950 amaverint:

238 1063 263 1121 Ο
277 1062 396 1123 Venus!
411 1080 448 1121 an
459 1061 558 1122 scelus
568 1068 615 1122 est
629 1079 738 1120 numen
749 1079 850 1121 amare
861 1067 959 1136 tuum,
972 1067 1031 1120 etc.

204 1225 373 1319 Denique,
386 1247 464 1295 cum
479 1224 627 1319 plurima
637 1222 760 1294 effutiit
776 1234 809 1295 et
825 1222 960 1294 inutilia
977 1233 1009 1293 ct
1020 1223 1147 1309 inania,
1159 1232 1274 1320 atque,

157 1353 195 1413 ut
219 1347 265 1413 ita
291 1341 415 1430 dicam,
439 1364 577 1435 pugnae
606 1340 779 1412 accinctus
807 1352 871 1428 est,
894 1340 937 1411 ad
961 1364 1112 1434 pugnam
1139 1342 1277 1414 tandem

157 1469 319 1553 properat
332 1458 660 1551 imprecationisque
672 1457 811 1529 initium
822 1456 915 1546 facit,
932 1459 993 1529 sed
1010 1481 1079 1529 non
1094 1465 1278 1552 antequam

158 1575 375 1664 memoravit,
393 1573 492 1667 quasi
514 1596 652 1666 semper
670 1582 811 1645 auctore
833 1584 867 1646 et
883 1574 1051 1666 magistro
1073 1575 1103 1642 ci
1120 1597 1205 1667 opus
1220 1576 1276 1660 sit,

156 1689 406 1762 Archilochum
425 1711 559 1785 quoque
580 1714 599 1762 ‹<
616 1689 756 1783 rapidos
774 1689 986 1783 »scripsisse
1001 1689 1279 1782 iambosLonga

157 1829 240 1878 sane
257 1817 309 1879 est
334 1807 551 1901 praeparatio
570 1814 674 1900 atque
689 1805 805 1876 omnia
826 1805 911 1877 haec
937 1805 1089 1876 scholam
1109 1817 1142 1877 et
1157 1805 1278 1877 ludum

156 1922 325 1994 redolent.
339 1922 517 2006 Quaedam
529 1914 693 1993 nimirum
705 1922 904 1994 invenimus
913 1945 1001 2018 quae
1012 1946 1054 1994 ex
1064 1921 1206 2015 ingenio
1217 1946 1278 1994 suo

157 2039 388 2134 deprompsit3
416 2039 477 2110 sed
495 2048 592 2134 patet
611 2045 713 2133 atque
743 2038 821 2110 luce
849 2048 902 2110 est
927 2039 1053 2110 clarius
1083 2039 1196 2132 plura,
1221 2040 1280 2111 vel

156 2155 270 2249 potius
280 2155 458 2250 pleraque,
482 2179 500 2227 e
514 2153 613 2225 libris
627 2154 867 2250 librorumque
886 2155 1051 2227 memoria
1070 2164 1228 2227 nostrum
1242 2159 1278 2227 in

125 2288 137 2314 ¹
157 2293 411 2343 suumcarmen
420 2271 627 2344 traduxisse.
640 2269 706 2342 Illa
714 2271 807 2342 enim
818 2255 1099 2366 anusdescriptio
1113 2296 1132 2341 (r
1143 2294 1278 2345 macrae
1312 2294 1313 2297 ’

151 2384 256 2459 faciei
282 2381 702 2482 turpiumque'genarum
719 2413 738 2458 »
756 2396 897 2482 propter
919 2397 1091 2459 «aratam
1116 2387 1231 2482 pellim
1256 2414 1275 2458 n

158 2500 296 2574 videtur
306 2526 470 2596 expressa
483 2526 526 2575 ex
536 2527 605 2574 anu
617 2503 780 2599 quadam,
797 2525 899 2597 quam
917 2503 1007 2574 Beza
1017 2505 1090 2597 ipse
1104 2513 1139 2576 et
1154 2503 1280 2576 viderit

157 2627 191 2689 et
205 2621 423 2712 cognoverit,
438 2619 583 2714 ideoque
598 2621 718 2691 vivida
738 2629 789 2691 est
800 2629 834 2690 et
848 2641 929 2690 vere
944 2621 1079 2713 poetica
1096 2645 1103 2690 :

238 2794 379 2854 Emineat
391 2797 528 2871 quamvis
543 2797 615 2856 dens
633 2816 708 2856 unus
725 2803 755 2858 et
769 2798 846 2856 alter
860 2799 896 2870 ab
912 2816 975 2871 ore,

279 2886 407 2946 Sordent
421 2892 451 2944 et
465 2887 547 2945 canis
561 2893 680 2963 tempus
702 2891 864 2963 utrumque
878 2889 972 2948 comis
988 2909 995 2946 :

238 2979 281 3035 'le
295 2993 403 3051 precor
417 2976 515 3034 insani
530 2976 630 3035 rabies
644 2977 751 3036 exedat
765 2979 888 3048 amonis9

278 3067 317 3125 Et
329 3065 413 3142 turpi
427 3064 577 3124 inclusum
592 3071 714 3142 pectore
727 3067 838 3126 vulnus
852 3067 925 3126 elas.

206 3230 275 3302 Sed
285 3254 359 3320 cur,
377 3232 435 3326 qui
451 3233 551 3302 modo
568 3239 686 3302 tantus
705 3242 792 3319 erat,
811 3242 882 3302 tam
898 3231 997 3303 brevi
1017 3233 1276 3305 evanuitnostri

157 3347 302 3419 amantis
320 3345 438 3418 furor?
460 3347 550 3419 Nam
575 3370 810 3442 quaecumque
835 3356 1026 3443 sequuntur
1042 3347 1172 3442 frigida
1195 3360 1277 3423 sunt

158 3471 192 3534 et
205 3463 334 3556 inepta.
362 3463 527 3558 NonJam
556 3462 665 3535 iratus
690 3472 756 3554 est,
783 3464 844 3534 sed
872 3463 972 3551 ludit,
1002 3488 1077 3534 cum
1096 3465 1276 3559 'impuram

157 3601 260 3650 anum
287 3579 362 3651 irae
387 3579 529 3652 caelesti
557 3581 718 3652 devovet.
745 3579 1057 3652 Verumenimvero
1081 3581 1161 3676 quid
1191 3583 1277 3654 haec

158 3694 381 3788 significant?

236 3869 336 3943 Atque
350 3868 393 3928 ita
404 3869 450 3927 bis
468 3875 587 3927 centum
603 3885 694 3944 quum
706 3870 827 3928 tandem
841 3867 1017 3944 impleveris
1033 3884 1138 3943 annos,

276 3958 361 4016 Tunc
373 3958 476 4035 cupias
490 3956 604 4016 frustra
619 3957 748 4036 pessima
762 3956 886 4016 moecha
907 3956 1048 4016 mori.....

235 4045 336 4120 Atque
349 4045 393 4104 ita
408 4051 586 4104 tercentum
600 4063 692 4121 quum
702 4045 824 4104 tandem
838 4043 1013 4120 impleveris
1028 4061 1132 4116 annos,

277 4135 370 4193 Cedat
383 4135 420 4194 ab
435 4134 539 4193 infami
560 4153 687 4212 corpore
700 4134 765 4193 vita
777 4133 896 4210 procul.

236 4223 332 4300 Sylva
347 4240 454 4299 rogum
469 4223 615 4296 invideat,
633 4242 688 4284 nec
709 4224 760 4283 det
780 4223 838 4283 tibi
852 4228 936 4282 terra
949 4221 1143 4298 sepulchrum
1147 4263 1207 4284 .....

275 4313 396 4374 Interea
409 4312 526 4373 invitos
536 4314 643 4391 jubeat
657 4313 814 4373 discedere
829 4329 931 4370 manes

218 4449 242 4482 ι..
259 4449 290 4485 u.
1169 4434 1185 4482 5
