3116 4978
628 429 675 481 ΒΕ
691 429 813 484 SYLVIS
1252 431 1284 484 3⁵

203 577 341 662 Quanto
362 575 573 670 simpliciora
603 587 682 650 sunt
706 588 740 651 et
758 578 1047 675 eloquentioraea
1065 603 1152 677 quae
1166 582 1284 655 Livius

160 691 315 786 scripsit:
349 717 366 762 o
388 693 520 764 Moriar
533 694 570 764 in
584 695 699 788 patria
715 717 818 790 saepe
838 704 1015 770 servata.»
1039 739 1086 752 -
1111 697 1172 787 At,
1195 698 1286 771 dicat

159 808 298 903 aliquis,
328 809 395 880 ista
427 817 589 882 naturam
604 821 636 882 et
658 833 771 882 mores
793 811 901 883 Tullii
915 813 1092 907 praeclare
1113 816 1283 887 demons-

159 923 531 1021 trantilluminantque
551 926 641 998 hanc
666 928 866 1021 superbiam
891 940 925 1002 et
948 931 1141 1003 vanitatem*
1153 931 1197 1004 de
1217 953 1285 1026 qua

160 1054 231 1112 tarn
247 1061 350 1134 saepe
366 1039 536 1132 gloriatus
558 1051 621 1114 est.
652 1085 700 1098 -
725 1043 853 1116 Fateor
867 1045 1051 1140 equidem3
1086 1046 1148 1118 sed
1168 1068 1286 1119 rursus

160 1157 238 1251 quis
254 1179 323 1227 non
337 1157 501 1229 concedet
524 1157 683 1230 omnibus
703 1159 917 1253 temporibus
937 1183 1006 1232 non
1022 1161 1151 1250 omnia,
1181 1159 1285 1232 etiarn

161 1295 240 1344 oum
258 1295 341 1344 vera
361 1273 429 1344 sint
443 1281 503 1345 aut
512 1263 730 1365 verisimilia,
749 1276 960 1348 convenire?
991 1277 1078 1349 Item
1094 1275 1172 1373 quis
1195 1274 1286 1348 ferat

161 1387 260 1458 illum
274 1389 441 1478 Tullium,
453 1389 496 1462 de
507 1415 572 1485 quo
587 1399 655 1462 tam
670 1393 827 1484 graviter
853 1392 974 1464 Livius
993 1392 1129 1487 scripsit
1147 1417 1155 1462 ε
1181 1422 1198 1459 «
1214 1416 1286 1464 om-

161 1505 259 1576 nium
280 1508 509 1578 adversorum
538 1507 639 1598 nihil,
657 1518 694 1580 ut
720 1510 796 1581 viro
810 1510 956 1603 dignum
975 1519 1064 1597 erat,
1082 1492 1163 1580 tulit
1180 1531 1286 1604 prae-

164 1631 216 1693 ter
243 1631 389 1693 mortem
405 1647 439 1708 a,
460 1621 497 1692 in
520 1623 629 1696 Besae
651 1624 757 1719 Sylva
786 1649 862 1696 esse
886 1624 1078 1713 inductum,
1107 1624 1189 1696 «ab
1217 1624 1287 1695 imo

162 1739 266 1810 corde
285 1740 467 1833 gemitus»
503 1742 699 1812 trahentem
727 1739 958 1835 lacrimasque
978 1749 1011 1812 et
1033 1741 1189 1835 querelas
1203 1740 1285 1814 fun-

161 1853 300 1926 dentem
312 1877 380 1925 non
394 1854 496 1926 aliter
510 1864 613 1952 atque
626 1855 866 1927 mollissimam
878 1856 1062 1951 quamdam
1075 1855 1283 1927 mulierem?

162 1971 220 2042 Sic
237 1972 348 2042 omnis
362 1971 423 2043 illa
440 1971 659 2042 admirabilis
677 1972 797 2043 mortis
813 1970 1000 2045 Tullianae
1019 1972 1136 2065 imago
1167 1972 1289 2044 vitiata

164 2097 216 2159 est
249 2097 283 2159 et
310 2086 474 2176 infucata,
503 2085 711 2183 difficileque
751 2087 862 2159 videri
900 2099 1011 2182 potest
1050 2111 1124 2160 rem
1156 2111 1220 2182 per
1250 2111 1288 2160 se

164 2203 276 2298 ipsam
300 2212 333 2276 et
362 2227 506 2298 gravem
535 2215 568 2276 et
589 2205 714 2277 elatam
730 2213 762 2275 et
778 2204 1013 2278 miserabilem
1028 2203 1290 2277 declamatoriis

165 2321 283 2390 verbis
305 2321 553 2417 sententiisque
578 2319 710 2392 foedius
734 2330 839 2415 alque
853 2321 988 2415 turpius
1016 2321 1233 2393 inhonestari
1249 2342 1290 2391 ac

167 2433 370 2508 deformari.

216 2553 314 2636 Quae
329 2560 518 2646 sequuntur
539 2573 608 2621 non
629 2549 768 2644 majoris
783 2558 862 2620 sunt
876 2549 1089 2642 pretii.Beza
1104 2548 1215 2621 voluit
1227 2574 1290 2622 nos

167 2692 303 2740 summa
331 2667 458 2762 pietate
496 2676 530 2740 et
563 2667 802 2738 misericordia
846 2665 884 2736 in
915 2667 1115 2738 Ciceronem
1151 2665 1290 2741 afficere

166 2785 269 2881 idque
297 2793 430 2856 tantum
458 2793 665 2856 consecutus
688 2794 753 2873 est,
771 2825 819 2834 -
851 2783 1057 2876 quodantea
1073 2783 1226 2858 diximus
1243 2826 1291 2837 —

148 2929 151 2938 ¹
168 2912 204 2974 ut
219 2901 296 2995 ipse
310 2900 458 2996 frigidus
478 2909 569 2973 esset
584 2900 729 2995 ideoque
747 2923 810 2970 nos
826 2900 969 2972 minime
988 2910 1142 2973 moveret
1163 2925 1171 2971 :

247 3090 410 3150 Descendit
422 3096 555 3150 maestus
571 3090 676 3150 Cicero
693 3089 848 3164 multoque
867 3089 971 3148 labore

248 3182 385 3240 Membra
401 3181 496 3240 trahit
517 3179 652 3239 conlecta
668 3197 773 3239 senex.
789 3179 887 3238 Simul
911 3179 1042 3256 undique
1063 3197 1171 3256 magna

248 3271 461 3331 Circunstabat
477 3271 585 3329 herum
599 3287 761 3329 servorum
775 3270 864 3328 turba
867 3311 929 3330 .....

217 3455 426 3527 Plutarchus
454 3453 585 3527 fusiore
610 3453 725 3541 modo,
747 3461 780 3524 et
798 3460 904 3540 recte,
929 3450 1029 3524 illum
1048 3453 1161 3524 locum
1176 3453 1292 3548 expli—

168 3571 271 3641 cavit.
290 3570 371 3642 Non
383 3568 469 3641 adeo
485 3580 559 3640 erat
576 3589 682 3639 senex
697 3565 847 3655 Tullius,
874 3590 951 3636 curn
967 3574 1038 3638 tres
1063 3577 1097 3638 et
1112 3567 1293 3660 sexaginta

169 3708 279 3757 annos
295 3692 388 3757 esset
403 3694 519 3774 natus,
533 3683 595 3755 sed
614 3692 687 3754 tum
709 3681 853 3775 vigiliis,
882 3679 975 3775 fuga,
1000 3681 1207 3777 aegerrimis
1225 3685 1292 3755 sol·

169 3801 408 3874 licitudinibus
432 3799 545 3872 fessus
566 3807 598 3870 et
617 3798 763 3869 obrutus
783 3809 876 3870 erat:
909 3821 996 3892 quae
1011 3799 1288 3872 misericordiam

168 3927 202 3988 et
221 3917 374 3990 dolorem
395 3917 516 3988 lectori
530 3913 723 3986 certissime
735 3911 862 3984 afferre
879 3925 1034 4007 possunt.
1050 3913 1098 3987 Ut
1107 3918 1248 4011 jejunus
1261 3926 1294 3988 et

170 4036 282 4107 siccus
305 4045 356 4106 est
385 4035 475 4105 Beza
504 4057 582 4104 curn
596 4055 654 4103 res
668 4031 744 4124 ipsa
770 4031 943 4125 quandam
957 4031 1151 4104 ubertatem
1170 4035 1292 4127 poscit,

170 4151 221 4222 sic
250 4151 354 4223 nimis
369 4159 420 4223 est
433 4150 613 4224 abundans
629 4171 706 4219 cum
746 4147 887 4218 brevem
907 4157 941 4219 et
962 4149 1133 4221 concisum
1150 4158 1184 4221 et
1196 4150 1294 4243 rapi-

171 4269 253 4341 dum
266 4292 345 4344 eum
356 4291 432 4342 esse
446 4269 605 4340 deceret:
713 4325 718 4339 .
