3124 4988
673 413 865 466 CONCLUSIO
1287 415 1332 466 103

204 589 273 662 Sed
292 587 327 658 in
348 611 387 660 eo
408 588 517 659 multo
533 587 634 659 etiam
658 586 859 679 diligentior
882 586 947 659 fuit
963 589 1186 683 antiquorum
1202 611 1321 661 assec-

205 709 294 786 tator
312 725 345 786 et
363 713 563 807 discipulus,
581 713 669 808 quod
682 713 725 782 ab
740 711 809 782 illis
821 722 928 784 totam
944 713 1139 806 explicandi
1155 715 1326 786 rationem

197 848 379 912 *mutuatus
403 847 469 910 est.
499 839 552 910 Ne
570 839 698 909 iterum
717 838 872 909 dicamus
892 861 978 933 quae
991 839 1065 933 jam
1084 849 1187 911 antea
1215 838 1328 912 fusius

205 964 464 1060 explicavimus
486 964 572 1036 haec
589 963 677 1035 ratio
692 964 875 1057 praecipue
898 963 1114 1035 orationibus
1128 974 1161 1036 et
1174 964 1328 1060 descrip-

203 1089 354 1160 tionibus
390 1097 537 1161 constat.
572 1089 726 1177 Etenim,
757 1112 835 1159 cum
870 1111 1039 1182 personas
1080 1113 1151 1160 non
1190 1089 1325 1161 inducit

205 1212 396 1309 loquenten,
418 1205 586 1298 describit
600 1222 715 1306 poeta,
733 1223 837 1308 atque
853 1235 987 1301 rursuS,
1007 1212 1290 1309 quotiescumque
1304 1237 1324 1286 a

205 1338 498 1433 descriptionibus
524 1339 687 1425 deflectit,
704 1337 935 1409 adorationes
952 1339 1160 1431 regreditur.
1183 1340 1323 1430 Decius,

205 1464 323 1537 Cicero
335 1473 369 1536 et
381 1464 519 1558 Jupiter
529 1464 565 1535 in
579 1463 705 1558 Spinis
717 1487 786 1534 non
797 1458 966 1534 minorem
980 1465 1329 1560 praestantloquendi

191 1591 396 1668 .facnltatem
418 1614 521 1685 qnam
541 1590 665 1661 heroes
679 1589 766 1683 epici
784 1589 1003 1682 veltragici;
1030 1600 1064 1661 et
1086 1591 1329 1662 vehementius

200 1717 275 1810 jam
293 1715 489 1786 notavimus
505 1737 610 1811 quam
634 1715 701 1784 sint
726 1713 856 1808 longae
883 1736 922 1784 ac
937 1714 1075 1809 putidae
1099 1737 1220 1786 omnes
1239 1717 1329 1787 istae

204 1840 453 1933 descriptiones
468 1839 639 1910 clamoris
655 1847 688 1910 et
710 1861 885 1910 armorum
900 1839 1028 1910 amoris
1044 1849 1077 1912 et
1092 1838 1188 1910 illius
1209 1841 1311 1912 navis
1317 1897 1326 1931 ,

205 1988 310 2060 quam
326 1973 395 2034 tam
420 1963 598 2056 eleganter
628 1964 716 2034 Beza
737 1960 911 2034 simulavit
927 1963 1105 2057 proprium
1130 1987 1231 2035 sunm
1251 1988 1328 2038 esse

203 2090 356 2162 animum
371 2088 413 2159 ab
433 2110 549 2159 amore
559 2087 737 2180 jactatum.
761 2127 810 2142 -
824 2087 910 2156 ltem
926 2089 1038 2179 magis
1053 2088 1158 2159 etiam
1174 2113 1326 2160 consen-

204 2217 342 2285 taneum
371 2220 422 2283 est
445 2218 603 2282 nostrum
630 2220 765 2304 poetam
792 2233 904 2305 genus
933 2211 1158 2305 antiquorum
1189 2211 1326 2284 dicendi

203 2338 373 2409 imitatum
398 2359 488 2423 esse,
508 2334 568 2430 qui
594 2334 715 2406 eodem
737 2357 896 2406 sermone
918 2343 1090 2406 uteretur.
1119 2336 1187 2407 Sed
1209 2336 1245 2407 in
1264 2336 1329 2407 hoc

203 2464 356 2558 peccavit
375 2462 466 2557 quod
480 2484 551 2531 non
565 2461 647 2531 satis
662 2481 781 2530 curam
798 2459 1000 2553 diligentem
1015 2461 1218 2555 anxiumque
1235 2461 1324 2532 reli*

203 2588 343 2681 gionem
373 2586 529 2660 adhibuit
552 2585 590 2655 in
613 2585 663 2656 eis
685 2584 855 2676 eligendis
882 2607 1030 2679 quorum
1059 2606 1172 2677 genus
1191 2586 1327 2658 dicendi

203 2720 419 2808 sequeretur.
438 2713 529 2783 Nam
548 2733 650 2803 saepe
677 2708 930 2802 perfectissima
958 2708 1135 2781 latinitatis
1165 2711 1326 2805 exempla

204 2840 268 2910 sibi
296 2861 364 2909 non
379 2837 582 2932 proposuit3
605 2837 723 2923 immo,
741 2858 810 2904 non
829 2835 985 2927 linguam
1005 2837 1127 2907 aetatis
1146 2837 1326 2930 cujusdam

203 2975 332 3053 certa-e,
366 2964 428 3034 sed
450 2962 628 3032 variorum
642 2969 848 3053 temporum,
886 2959 1063 3030 Ciceronis
1085 2959 1161 3029 dico
1175 2971 1207 3031 et
1218 2962 1321 3052 Livii,

203 3088 347 3182 Virgilii
362 3098 395 3159 et
404 3086 586 3172 Martialis,
604 3087 710 3155 insua
721 3083 1115 3177 poematatraduxit,ita
1128 3094 1163 3155 nt
1179 3083 1327 3158 libenter

204 3237 246 3286 ea
260 3213 487 3284 vermiculato
507 3209 706 3281 emblemati
728 3207 900 3298 conferas,
922 3208 958 3277 in
976 3232 1043 3303 quo
1065 3232 1154 3279 unns
1182 3221 1215 3280 et
1238 3210 1328 3282 alter

204 3334 381 3430 splendeat
392 3355 541 3428 pannus,
559 3355 671 3426 neque
689 3331 726 3400 in
741 3353 781 3401 eo
798 3330 881 3400 insit
900 3338 1036 3400 unuset
1049 3329 1153 3416 idem,
1172 3328 1328 3402 sincerus

204 3471 237 3532 et
259 3483 364 3532 verus
384 3455 512 3529 color¹.
538 3499 585 3508 —
599 3455 699 3540 Quod
718 3454 762 3526 ad
785 3477 946 3525 numeros
970 3453 1157 3548 modosque
1178 3465 1324 3547 spectat,

205 3585 325 3656 eadem
346 3580 654 3654 animadvertenda
669 3588 761 3650 sunt.
782 3578 909 3674 Sylvae
926 3578 1143 3650 hexametris
1165 3579 1325 3651 versibus

205 3710 354 3802 scriptae
365 3715 447 3778 sunt
460 3729 571 3801 neque
586 3705 681 3776 illam
696 3703 832 3775 felicem
843 3704 1051 3776 varietatem
1063 3694 1327 3799 libertatemque

205 3834 304 3928 Statii
323 3831 504 3924 effingunt.
523 3831 563 3901 ln
577 3829 700 3921 elegiis
726 3827 921 3899 adhibitum
948 3837 1000 3898 est
1029 3827 1115 3898 illud
1134 3828 1328 3920 legitimum

207 3959 435 4052 omnibusque
461 3956 572 4050 poetis
600 3963 802 4047 usurpatum
828 3952 919 4045 quod
933 3961 1067 4023 constat
1082 3975 1123 4022 ex
1136 3953 1329 4025 hexametri

205 4092 239 4155 et
253 4081 462 4178 pentametri
477 4080 540 4152 dac
548 4079 730 4174 tylicorum
746 4079 822 4170 conj
833 4078 1006 4148 unctione.
1019 4119 1066 4128 —
1087 4077 1330 4172 lnEpitaphiis
1427 4095 1430 4102 '

241 4345 375 4414 1δμίυαε,
392 4346 414 4412 l,
431 4346 473 4415 10,
489 4346 642 4417 931v,29;
659 4345 752 4414 Eleo,
766 4345 787 4409 l,
805 4344 849 4409 16,
865 4339 909 4407 36,
928 4344 973 4412 43,
987 4351 1050 4415 etc,
1062 4352 1113 4399 etc.
