3116 4978
251 412 283 462 ll
726 415 772 466 Du
791 415 913 466 SYLVIS

251 561 367 633 laedat
382 562 441 635 illa
455 562 667 636 Clementiae
679 563 792 657 figura
802 563 977 636 stantisad
988 566 1086 637 Jovis
1103 563 1295 637 soliuml...
1309 564 1377 638 Sed

254 678 296 748 de
317 677 394 749 istis
417 679 583 750 hactenus
615 704 622 749 :
650 680 806 774 ejusdem
834 681 927 769 vitii,
963 681 992 750 si
1012 681 1137 752 vitium
1165 690 1231 769 est,
1259 703 1377 752 omnes

253 794 414 888 aequales
426 795 535 868 Bezae
550 806 709 890 -atque
722 797 975 893 etiamquidam
991 799 1049 892 qui
1059 807 1137 892 post
1147 796 1246 867 illum
1267 796 1380 890 scrip-

254 919 372 981 serunt
389 911 502 982 —rei
525 921 609 984 sunt
623 919 658 983 ct
670 911 868 984 damnandi.

302 1028 342 1098 ln
353 1027 474 1099 eadem
488 1028 594 1123 Sylva
607 1029 887 1102 animadvertere
901 1030 982 1104 licet
996 1030 1093 1102 aliud
1109 1054 1243 1127 quoque
1254 1030 1376 1102 vitium

254 1143 358 1238 idque
380 1186 427 1196 —
447 1154 566 1218 nostra
585 1143 726 1240 quidem
746 1147 918 1218 sententia
933 1189 980 1199 —
998 1145 1106 1218 multo
1129 1147 1243 1238 magis
1268 1168 1376 1239 grave

253 1267 357 1354 atque
380 1260 719 1352 reprehendendum.
746 1261 963 1334 Misceantur
981 1263 1120 1357 Jupiter
1140 1272 1174 1334 et
1199 1263 1374 1352 Salomon,

252 1375 367 1446 David
386 1385 419 1446 et
435 1377 555 1464 Amor,
573 1375 715 1448 historia
726 1400 827 1449 sacra
841 1388 874 1451 et
896 1379 1143 1474 mythologice,
1168 1391 1242 1451 esto
1258 1405 1265 1449 :
1283 1377 1375 1449 hanc

254 1493 391 1563 veniam
409 1493 519 1586 ipsam
530 1494 758 1565 concedamus
772 1504 907 1587 poetae.
922 1495 991 1567 Sed
1002 1518 1104 1590 quam
1118 1496 1259 1588 exigua,
1274 1517 1375 1591 quam

254 1609 350 1680 inani
365 1607 629 1704 amplificatione
644 1611 760 1682 omnia
772 1609 831 1681 illa
847 1609 1063 1682 illustrantur
1082 1620 1116 1682 et
1132 1611 1371 1705 explicantur!

253 1722 486 1818 Amplificatio
502 1726 596 1797 enim
612 1725 734 1798 debilis
754 1735 806 1799 est
825 1736 859 1799 et
874 1728 1005 1799 incerta
1021 1728 1232 1822 minimeque
1250 1725 1373 1816 solida,

254 1840 390 1935 qualem
417 1865 494 1914 esse
517 1841 660 1913 decebat
686 1843 810 1914 tironis
832 1845 1028 1916 Musarum,
1042 1843 1255 1936 disciplinae.
1280 1843 1375 1928 Quae

251 1964 413 2049 poterant
428 1957 584 2031 breviter
602 1956 768 2052 explicari
787 1983 864 2030 cum
882 1959 1027 2052 pertrita
1042 1959 1220 2031 autetiam
1240 1958 1375 2030 inutilia

252 2084 379 2160 essent,
398 2098 441 2146 ne
456 2075 568 2148 dicam
586 2075 729 2146 ridicula
735 2129 744 2163 ,
766 2097 807 2146 ea
824 2075 967 2170 longius
987 2097 1027 2148 ac
1046 2077 1122 2148 sine
1135 2075 1206 2148 fine
1221 2076 1375 2170 explica-

251 2192 300 2262 vit
317 2179 335 2262 :v
352 2191 410 2286 qui
430 2191 474 2262 sit
488 2192 611 2282 Amor,
630 2214 716 2286 quae
737 2192 805 2263 sint
819 2191 959 2264 Amoris
974 2215 1082 2280 arma,
1105 2214 1192 2288 quae
1208 2191 1375 2287 stupefac-

253 2308 301 2379 tio
316 2307 459 2379 Davidis
479 2307 554 2378 visa
574 2308 765 2394 Bethsabe,
786 2308 868 2380 item
895 2329 962 2403 qua
983 2308 1036 2379 ira
1054 2309 1192 2402 Jupiter
1210 2331 1374 2382 accensus

254 2423 311 2510 sit,
329 2445 430 2517 quam
450 2422 585 2515 placida
607 2432 641 2494 et
662 2431 782 2517 pacata
805 2423 962 2495 oratione
982 2425 1156 2496 mitiorem
1171 2423 1276 2498 faciat
1294 2448 1373 2501 eum

255 2539 457 2626 Clementia,
473 2539 650 2634 multaque
662 2539 831 2634 ejusmodi
840 2540 919 2612 alia.
935 2541 1073 2612 Rursus
1086 2564 1175 2637 quae
1184 2541 1375 2619 debuerunt

183 2675 184 2680 ¹
252 2648 366 2722 fusius
381 2653 535 2744 tractari,
552 2675 630 2723 cum
645 2675 714 2723 non
729 2653 831 2724 modo
840 2653 1009 2747 jucunda,
1027 2655 1088 2727 sed
1103 2655 1251 2728 maxime
1269 2665 1375 2731 mate-

255 2767 328 2838 riae
347 2768 567 2841 cohaerentia
590 2777 708 2840 essent
727 2778 831 2865 atque
850 2770 1063 2842 nullomodo
1082 2772 1205 2845 evitari
1219 2784 1372 2868 possent,

253 2884 368 2955 omisit
382 2894 440 2956 aut
456 2885 578 2956 saltem
594 2884 825 2978 neglegenter
843 2887 1084 2981 adumbravit3
1103 2889 1188 2960 adeo
1208 2899 1245 2962 nt
1263 2891 1374 2962 omnis

253 3000 313 3073 illa
330 3000 435 3096 Sylva
459 3023 581 3072 manea
601 3024 678 3072 esse
701 3012 735 3073 et
753 3001 876 3074 clauda
890 3003 1060 3075 videatur.
1083 3007 1178 3078 Duos
1193 3006 1374 3100 praecipue

253 3118 359 3207 locos,
376 3127 414 3190 ut
427 3118 584 3212 exempla
605 3118 763 3206 afferam,
786 3120 1023 3191 necessarium
1038 3132 1113 3194 erat
1125 3123 1157 3194 ei
1170 3123 1375 3219 quicumque

253 3233 290 3303 in
320 3233 466 3305 materia
493 3232 553 3304 illa
581 3257 722 3328 operam
762 3235 1002 3330 insumpturus
1044 3248 1132 3326 erat,
1168 3240 1371 3313 illustrare:

254 3372 399 3444 quorum
415 3349 506 3420 alter
521 3359 572 3420 est
586 3348 643 3420 ubi
660 3349 840 3421 mulierem
856 3351 1045 3424 admiratus
1062 3354 1206 3449 ejusque
1220 3353 1374 3449 pulchri-

254 3464 372 3536 tudine
397 3467 493 3559 quasi
521 3465 639 3537 divina
663 3476 784 3561 captus
814 3466 927 3537 David
951 3469 1014 3564 illi
1033 3469 1155 3541 suadet
1179 3479 1216 3541 ut
1239 3470 1374 3566 culpam

255 3582 413 3653 admittat
425 3605 582 3676 -quem
597 3582 708 3653 locum
720 3582 874 3678 quodam
885 3583 986 3655 modo
997 3585 1118 3657 vitavit
1130 3586 1222 3657 Beza
1233 3586 1374 3660 Amoris

255 3707 288 3768 et
307 3720 485 3768 armorum
505 3707 539 3768 et
554 3720 655 3769 arcus
671 3708 705 3770 et
722 3698 908 3794 pharetrae
916 3698 1149 3795 descriptione
1163 3727 1233 3794 —3
1248 3703 1371 3792 alter¹,

288 3974 298 4008 ¹
319 3973 439 4038 Quodam
456 3973 534 4026 modo
547 3972 615 4027 hacc
629 3973 692 4026 vitia
704 3974 731 4025 in
751 3971 783 4026 3³
798 3973 862 4027 edit.
878 3979 1012 4028 attenuata
1026 3981 1103 4029 sunt:

394 4082 542 4150 Acceptum
557 4085 584 4132 et
598 4080 670 4132 saevi
689 4080 766 4133 toties
780 4081 911 4150 totiesque
925 4079 1010 4135 leonis

393 4161 526 4214 Faucibus
540 4167 672 4229 ereptum,
687 4160 747 4214 solii
760 4177 843 4230 quum
858 4161 920 4214 sede
931 4160 1042 4227 locaret,

396 4242 574 4310 Sacraretque
584 4241 636 4294 isto
651 4246 754 4294 tantum
769 4241 915 4295 diademate
934 4241 1044 4310 regem?

395 4320 593 4376 Ten'miserum
608 4320 655 4374 tali
664 4320 796 4392 pollutum
810 4322 890 4377 caede
905 4321 1022 4392 quictem
