3124 4988
642 423 688 479 ult
705 421 841 480 aureus
1277 421 1309 476 11

188 575 278 673 quod
292 594 335 649 cx
356 575 486 648 eisdem
507 573 758 648 calamitatibus
777 575 842 646 sibi
863 574 1011 667 gloriam
1037 574 1129 670 apud
1153 581 1308 669 posteros

187 697 231 766 sit
250 689 518 767 33331113133331
538 717 546 762 :

270 873 396 951 Quippe,
413 879 465 932 331
474 871 565 932 131133
577 891 642 950 ege,
666 877 718 932 aut
734 879 851 933 nostres
866 891 957 950 quum
972 871 1084 950 legeris
1099 871 1193 948 ignes,

308 959 347 1022 Et
356 981 422 1022 mea
436 980 529 1040 quum
547 961 641 1022 fuerit
654 980 720 1023 sors
738 963 812 1022 bene
826 969 895 1022 neta
908 961 977 1036 tibi,

271 1047 400 1111 Sedulus
414 1051 471 1111 boe
486 1051 625 1130 deinceps
639 1057 669 1112 et
683 1057 746 1111 teta
758 1057 857 1112 mente
870 1049 1002 1122 cavebis,

306 1143 354 1203 Ne
367 1143 459 1210 simili
475 1161 593 1202 mecum
607 1143 649 1202 sis
668 1143 786 1202 ratione
801 1143 906 1203 miser.

270 1321 386 1400 Quippe
398 1317 488 1382 etiam
508 1323 584 1382 haee
599 1323 684 1384 nobis
699 1341 810 1383 nevere
825 1323 1011 1383 incommoda
1023 1321 1141 1382 Parcae
1159 1342 1166 1381 ε

307 1409 468 1488 Nequitias
482 1408 552 1472 flam
566 1411 653 1472 testis
668 1417 702 1473 ut
715 1411 780 1490 ipse
794 1427 889 1472 meae.

269 1502 304 1563 Id
320 1507 422 1560 tamen
437 1501 576 1576 exemplo
590 1501 681 1561 liceat
693 1499 802 1562 1331333
821 1501 935 1561 Tibulli
952 1521 959 1560 :

309 1595 360 1655 Sic
374 1595 514 1654 Nemesis
529 1593 664 1656 flammas
680 1595 760 1655 culte
773 1595 893 1654 Tibulle
910 1595 1004 1668 canis,

271 1685 399 1762 Cynthia
414 1701 503 1761 saepe
513 1685 568 1744 tibi
581 1686 625 1744 sic
639 1691 816 1746 3313331313
831 1683 986 1763 Properti,

310 1773 361 1833 Sic
376 1773 551 1834 331Ν3ιο31
568 1771 648 1834 dicta
671 1775 813 1850 Gerynna
828 1793 892 1836 sue.

269 1861 309 1922 Hi
330 1869 430 1922 tamen
441 1870 598 1922 aeternum
614 1869 789 1923 meruerant
803 1863 938 1924 carmine
958 1877 1087 1924 nemen:

308 1952 359 2012 Dii
372 1951 484 2011 faciant
493 1953 606 2030 pestim
621 1961 690 2030 post
705 1969 771 2014 mea
785 1953 847 2014 fata
861 1954 935 2030 legi.

236 2121 311 2194 Hoc
326 2127 378 2194 est
389 2122 544 2217 prefecto
555 2122 719 2215 generosi
731 2144 771 2194 ac
786 2117 1022 2194 misericordis
1038 2119 1158 2208 animi,
1173 2120 1311 2215 operam

189 2233 272 2310 date
288 2247 339 2328 ut,
362 2261 445 2334 ques
464 2239 539 2332 ipse
555 2247 719 2330 expertus
739 2234 797 2327 sit,
816 2236 956 2310 eosdem
971 2237 1107 2310 delores
1125 2235 1311 2310 caterinen

189 2355 411 2450 experiantur
420 2380 430 2446 ;
454 2363 606 2428 attamen
630 2351 778 2426 forsitan
804 2379 879 2426 cam
912 2351 1131 2449 singularem
1164 2349 1200 2424 in
1226 2353 1310 2424 31133

189 2471 370 2544 caritatem
383 2471 544 2544 arbitrari
561 2469 789 2543 maluerimus
805 2469 892 2544 nihil
907 2467 1002 2543 aliud
1016 2493 1092 2544 esse
1105 2470 1172 2542 nisi
1183 2493 1310 2566 super-

193 2584 286 2660 biam
300 2584 398 2660 illam
411 2610 453 2660 ao
470 2589 657 2659 uanitatem
674 2610 741 2683 qua
767 2589 872 2677 Beza,
900 2595 1080 2683 poctarum
1105 2585 1313 2659 ereticorum

189 2729 299 2798 mere,
322 2730 399 2780 3333
413 2705 553 2778 finxerit
567 2707 672 2778 multe
686 2707 789 2779 etiam
800 2701 1020 2800 gravioribus
1042 2704 1219 2777 aerumnis
1235 2727 1312 2775 3333

189 2830 351 2896 vexatum
369 2845 470 2918 quam
487 2819 613 2918 quibus
634 2847 671 2895 33
686 2845 769 2894 vera
787 2832 928 2895 vexatus
945 2819 1005 2893 sit.

238 2934 434 3013 Ridiculier
446 2948 499 3012 331
521 2939 624 3011 ctiam
639 2940 749 3011 altera
762 2961 866 3011 causa
881 2962 943 3009 cur
958 2935 1091 3032 elegias
1114 2935 1308 3030 scripserit.

189 3054 487 3142 Quemadmodum
503 3057 597 3128 enim
610 3057 714 3128 exeis
730 3055 877 3128 salutem
891 3055 968 3127 31113
981 3063 1111 3150 sperat,
1128 3053 1178 3125 sie
1194 3053 1316 3148 impri-

190 3174 256 3244 mis
266 3171 332 3244 sibi
342 3172 506 3266 gloriam.
517 3171 676 3266 Namque
686 3171 892 3267 curidqued
908 3182 941 3243 et
957 3169 1098 3242 Tibullo
1110 3180 1145 3241 et
1160 3170 1312 3262 Proper-

189 3287 284 3360 11331
302 3283 436 3360 Nasoni
457 3287 619 3382 contigit,
639 3283 671 3360 ei
687 3311 821 3383 queque
839 3309 908 3358 nen
922 3287 1116 3379 contingat,
1130 3293 1166 3356 ut
1178 3305 1311 3379 perora

376 3543 378 3548 ·
405 3522 458 3580 Car
472 3541 529 3580 mes
541 3521 626 3592 helas,
639 3532 666 3581 et
679 3542 736 3581 mes
749 3526 892 3596 seupirans
910 3527 965 3581 cris

334 3605 542 3662 Deacoutriront
554 3607 581 3661 13
595 3606 716 3673 1331333,
734 3624 785 3678 que
800 3607 825 3661 ie
843 3608 930 3679 perte.

334 3683 356 3740 11
368 3705 411 3742 me
432 3703 512 3742 terra
526 3689 662 3753 craindre,
678 3693 705 3742 31
714 3687 775 3758 puis
785 3704 906 3758 esperer,

405 3767 445 3821 En
462 3765 536 3824 desir
551 3767 675 3836 croistre,
691 3773 717 3823 31
731 3767 843 3823 seudain
857 3771 985 3839 smpiter,

407 3847 534 3918 Ghanger
548 3853 609 3904 cent
620 3849 671 3903 fois
684 3849 710 3904 le
720 3851 779 3903 1333
793 3853 827 3904 de
841 3846 959 3920 passion.

333 3925 354 3980 11
369 3939 412 3982 me
426 3941 506 3981 terra
521 3926 606 3994 31333,
622 3925 772 4000 qu'Ameur
786 3947 815 3984 se
829 3929 889 3983 ioue

406 4005 445 4062 De
459 4024 522 4062 men
539 4005 674 4076 maibeur,
690 4026 737 4063 sur
755 4005 934 4064 l'ameureuse
953 4025 1029 4077 3333,

406 4087 523 4143 Souffrir
535 4083 561 4145 13
575 4087 628 4144 mal
643 4091 706 4145 d'un
720 4089 809 4145 delent
824 4091 909 4144 Ixion.

674 4173 815 4240 (Erremus
832 4187 1027 4235 attrectatores,
1041 4188 1069 4239 p.
1086 4167 1124 4234 6.)

230 4251 239 4288 ¹
261 4251 308 4318 Cf.
325 4251 516 4320 Propertium:
536 4271 549 4300 u
564 4249 633 4315 Quid
648 4257 693 4305 133
708 4251 855 4306 Socraticis
868 4251 917 4304 tibi
932 4267 1001 4304 nunc
1017 4248 1147 4320 sapientia
1157 4245 1290 4301 libris...t
1305 4267 1318 4296 t)

73 4315 78 4324 ¹
192 4334 225 4400 tt,
239 4330 293 4401 343
315 4336 342 4384 et
356 4324 492 4395 evictum,
510 4333 576 4387 nm.
594 4325 678 4400 t,15.
