3124 4988
609 393 654 446 Diu
669 393 937 446 EPIGRAMMATIS

291 543 336 600 Ex
351 559 447 620 aequo
461 541 581 618 pluvias
596 547 626 601 et
642 547 749 600 ventos
765 545 882 618 spernit
904 548 1043 619 uterque,

332 633 498 690 Damnosos
514 631 610 690 nutrit
629 631 742 690 stultus
759 637 887 708 uterque
907 649 1008 692 canes.

292 724 433 780 Attamen
446 721 502 778 boc
517 721 639 790 distant,
654 721 732 796 quod
747 739 839 797 quum
860 720 924 779 fera
938 722 1097 788 sternitur,
1114 723 1191 783 alter

331 811 474 870 Praemia
489 810 613 869 solliciti
623 813 709 886 justa
722 811 836 870 laboris
852 811 952 871 habet.

289 902 367 960 Tum
380 900 501 958 demum
520 917 593 959 vero
610 899 716 958 infelix
732 907 892 976 superatur
907 907 1035 969 amator,

332 991 431 1060 Quum
444 989 554 1049 similis
569 989 668 1048 victae
682 990 795 1065 praeda
810 989 917 1066 supina
933 995 1014 1068 jacet
1030 991 1051 1053 ¹.

258 1169 298 1239 ln
318 1167 379 1239 illa
403 1167 496 1238 enim
522 1189 641 1238 omnes
666 1166 805 1238 dicendi
834 1167 979 1238 virtutes
999 1167 1056 1239 rel
1077 1169 1191 1262 potius
1217 1169 1334 1241 omnia

208 1285 291 1356 vitia
310 1283 659 1381 Bezaeinuenimus;
683 1283 822 1354 subtilis
846 1293 951 1354 estet
977 1284 1091 1354 tenuis
1114 1295 1149 1356 et
1173 1285 1329 1376 facetus3

205 1401 399 1482 litterarum
410 1400 659 1472 mutationibus
674 1411 708 1470 et
727 1399 956 1492 ambiguitate
974 1399 1158 1471 verborum
1174 1401 1303 1493 gaudet
1320 1429 1329 1494 3

206 1519 376 1614 quaedam
399 1518 546 1612 puerilia
563 1526 621 1588 aut
644 1514 755 1587 futilia
769 1515 977 1609 reprehendi
990 1518 1135 1610 possint.
1159 1519 1329 1590 -Deui-

206 1657 272 1727 que
288 1657 328 1704 ea
341 1634 496 1705 carmina
514 1642 636 1726 poetae
651 1643 732 1704 sunt
748 1634 807 1728 qui
831 1633 937 1704 multo
958 1635 1073 1704 minus
1090 1639 1214 1707 natura
1227 1659 1329 1730 quam

205 1760 292 1836 arte,
322 1751 428 1820 immo
454 1750 602 1821 artifieio
621 1748 737 1849 ualeat
761 1749 970 1842 dicendique
994 1773 1105 1843 genus
1123 1752 1328 1846 exquisitum

204 1891 244 1938 ae
271 1867 486 1938 reconditum
513 1865 629 1960 potius
654 1887 755 1958 quam
778 1865 925 1957 simplex
946 1888 986 1936 ac
1005 1875 1152 1956 rectum,
1169 1874 1274 1939 tenue
1296 1879 1330 1941 et

189 1983 334 2055 subtile
355 1983 470 2078 potius
494 2004 595 2077 quam
613 2004 722 2075 grave
747 1991 780 2052 et
801 1981 963 2072 solidum,
988 1980 1148 2054 maluerit
1162 1992 1265 2079 atque
1284 1986 1328 2056 sit

204 2109 417 2192 persecutus

251 2216 287 2286 ln
307 2215 458 2287 seeundo
477 2238 609 2308 genere
637 2237 679 2285 ea
706 2214 958 2308 epigrammata
986 2217 1145 2308 ponimus
1173 2241 1263 2312 quae
1282 2220 1325 2290 ad

202 2332 369 2426 quaedam
384 2340 540 2425 tempora
557 2342 617 2403 aut
630 2331 797 2427 quosdam
811 2332 922 2402 Betae
937 2331 1100 2425 aequales
1121 2334 1320 2426 pertinent3

201 2471 286 2542 quae
302 2449 440 2544 quidem
450 2453 517 2519 'nos
528 2449 638 2540 magis
650 2447 821 2519 delectant
836 2471 939 2542 quam
952 2448 1012 2520 illa
1023 2448 1065 2521 de
1081 2450 1206 2544 quibus
1222 2452 1321 2524 modo

199 2566 363 2653 diximus
386 2565 472 2659 quia
490 2564 528 2634 in
559 2565 603 2634 iis
624 2573 724 2656 poeta
749 2586 825 2652 nos,
846 2563 893 2634 ut
907 2565 957 2636 ita
981 2564 1104 2654 dicam,
1139 2569 1322 2663 participes

199 2680 280 2752 facit
298 2682 390 2753 vitae
406 2680 563 2774 publicae
578 2680 687 2773 qualis
702 2689 782 2751 tunc
800 2690 876 2751 erat
893 2690 997 2776 atque
1010 2683 1113 2753 etiam
1132 2686 1222 2755 vitae
1238 2708 1321 2758 suae

198 2800 364 2890 privatae.
383 2798 501 2891 ltaque
516 2798 552 2866 in
568 2797 622 2865 his
638 2797 804 2890 poematis
818 2797 908 2867 inest
918 2798 1080 2892 quiddam
1098 2800 1212 2871 minus
1223 2799 1319 2874 fuca-

197 2923 268 2985 tum
297 2913 530 3008 sentimusque
559 2923 695 3006 poetam
720 2935 762 2982 ex
792 2913 845 2982 his
874 2914 1121 3006 componendis
1145 2917 1318 3010 quandam

196 3029 393 3124 percepisse
405 3029 614 3123 voluptatem
635 3052 720 3122 quae
736 3030 781 3099 ad
792 3052 854 3100 nos
875 3053 1010 3124 quoque
1025 3033 1317 3105 transmitteretur

196 3155 434 3218 neeesseerat.

245 3261 338 3332 Ante
357 3261 475 3331 omnia
494 3284 557 3331 nos
573 3283 746 3332 memores
762 3284 839 3332 esse
854 3261 952 3333 decet
966 3263 1094 3334 Beuum
1110 3265 1315 3358 scriptorem

10 3397 11 3408 ¹
111 3457 113 3470 ⁴
195 3401 311 3449 rerum
349 3400 419 3448 non
458 3399 557 3468 esse5
587 3376 729 3448 annales
762 3377 856 3446 enim
887 3378 943 3448 vel
974 3378 1135 3451 historias
1162 3381 1315 3454 scribere

195 3495 336 3565 minime
352 3494 418 3564 sibi
432 3493 633 3588 proposuit3
649 3493 933 3589 quotiescumque
948 3517 1008 3566 res
1028 3506 1190 3568 evenerat
1204 3498 1312 3591 digna

195 3633 281 3707 quae
303 3617 520 3698 narraretur,
545 3619 617 3680 tum
640 3610 736 3680 deca
756 3610 921 3681 carminis
947 3611 1128 3682 materiam
1148 3615 1307 3708 sumpsit.
1338 3659 1340 3663 -

194 3731 314 3822 ltaque
334 3751 402 3798 non
428 3726 624 3797 mirandum
657 3737 709 3797 est
745 3728 835 3821 quod
869 3737 968 3821 poeta
996 3750 1100 3823 saepe
1128 3732 1309 3804 veritatem

193 3843 287 3914 falsis
314 3843 471 3937 fictisque
499 3842 601 3913 rebus
621 3842 748 3932 obruit,
772 3852 831 3913 aut
860 3852 954 3913 certe
973 3843 1043 3914 alia
1067 3845 1202 3938 majora
1227 3848 1308 3918 lau-

191 3961 318 4048 dando,
341 3959 408 4030 alia
435 3962 572 4030 minora
591 3959 819 4053 vituperando
848 3962 1031 4052 praestitit,
1064 3969 1123 4032 aut
1153 3963 1304 4059 denique

191 4078 305 4148 verbis
325 4076 439 4165 nimiis
454 4076 510 4163 vel
536 4073 656 4168 figuris
684 4075 976 4169 splendidioribus
999 4101 1079 4148 usus
1094 4088 1158 4150 est.
1177 4081 1307 4152 Parum

227 4289 235 4323 ¹
257 4287 304 4357 Cf.
322 4289 493 4352 borbonium,
507 4291 528 4354 Ι,
545 4289 756 4362 155,156‚157.
