3124 4988
575 1056 694 1130 1111
724 1054 908 1136 onnam

598 1288 649 1348 DE
672 1284 892 1348 ΕΡΙΤΑΡΗΙΙδ

228 1579 339 1665 Quale
351 1579 420 1652 illis
435 1578 645 1674 temporibus
658 1585 747 1650 esset
764 1575 1017 1673 epitaphiorum
1032 1600 1142 1669 genus
1157 1597 1300 1648 necesse

181 1706 233 1769 est
245 1695 409 1791 perplane
421 1695 807 1789 cognitumhabere‚ne
820 1694 925 1767 nimia
937 1694 1164 1774 severitatem
1175 1695 1300 1765 Benam

180 1816 229 1886 uti
244 1813 389 1884 velimus
399 1811 425 1883 ¹.
445 1814 555 1905 Igitur
566 1813 600 1882 in
614 1811 812 1906 epitaphiis,
826 1834 893 1881 non
906 1811 1006 1884 modo
1020 1818 1113 1898 ante,
1127 1809 1187 1882 sed
1198 1814 1298 1880 etiam

181 1930 286 2022 louge
301 1941 378 2022 post
401 1929 541 2015 Bezam,
561 1927 670 2022 poetis
694 1926 905 2020 propositum
925 1937 1000 1998 erat
1018 1949 1086 1997 non
1108 1948 1301 1998 memorare

180 2067 267 2141 quae
286 2044 525 2117 defunctorum
532 2043 713 2114 hominum
730 2040 910 2114 facultates
925 2041 1138 2138 virtutesque
1152 2040 1301 2114 luissent

181 2184 291 2259 quove
311 2160 484 2234 desiderio
500 2167 737 2253 postmortem
757 2159 858 2230 amici
887 2166 920 2229 et
943 2159 1125 2253 propinqui
1140 2181 1199 2230 eos
1216 2182 1301 2253 pro-

180 2286 422 2372 sequerentur,
460 2275 522 2347 sed
562 2275 776 2346 occasionem
801 2281 934 2345 tantum
962 2296 1224 2368 saepenumero,
1255 2299 1300 2348 ue

148 2419 150 2424 ’
178 2394 292 2465 dicam
306 2415 458 2485 semper,
471 2413 608 2462 sumere
627 2390 685 2460 ubi
697 2390 878 2482 ingenium
893 2398 1107 2462 ostentarent
1126 2399 1161 2462 11
1180 2415 1300 2464 omues

179 2510 340 2602 egregias
368 2507 502 2599 ingenii
524 2506 658 2594 laudes,
676 2505 913 2593 subtilitatem,
943 2506 1206 2594 abundantiam,
1224 2509 1301 2580 elo·

178 2625 349 2720 gantiam,
366 2625 581 2711 varietatem,
608 2631 644 2694 ut
666 2622 753 2692 illud
775 2631 870 2693 recto
898 2622 967 2693 dici
985 2623 1093 2717 possit
1117 2624 1300 2720 epitaphiis

179 2765 259 2815 1111
289 2748 503 2812 mortuorum
523 2738 671 2833 glorIam
695 2738 879 2828 celebrari,
903 2739 1299 2834 plerumquepoetarum

144 2901 147 2908 ·
178 2857 367 2929 sollertiam
386 2855 580 2950 approbari.
604 2856 722 2950 ltaque
737 2853 837 2925 lacile
859 2864 911 2926 est
935 2855 1141 2950 intellegere
1164 2857 1244 2952 qnid
1263 2859 1299 2928 in

178 2971 362 3069 epitaphiis
396 2971 642 3064 componendis
667 2971 855 3063 scriptores
884 2971 1044 3043 omuibus
1074 2973 1171 3069 quasi
1193 2974 1298 3044 animi

179 3090 311 3160 viribus
344 3088 508 3182 consequi
535 3096 758 3175 conarentur,
784 3086 865 3181 quid
886 3086 1033 3160 lectores
1062 3089 1127 3182 ipsi
1155 3111 1299 3183 exspec-

176 3213 304 3277 tarent.
327 3204 400 3288 Quo
417 3203 456 3274 fit
484 3213 521 3274 ut
546 3225 651 3295 saepe
670 3203 761 3274 inter
785 3203 958 3298 epitaphia
983 3212 1016 3275 et
1047 3205 1299 3299 epigrammata

178 3323 269 3420 quod
284 3322 328 3392 sit
339 3320 525 3391 discrimen
541 3329 574 3390 et
586 3318 827 3390 dissimilitudo
843 3321 1077 3391 demonstrari
1089 3344 1157 3392 non
1175 3321 1295 3416 possit,

179 3439 303 3535 quippo
317 3459 395 3509 cum
414 3437 495 3508 etin
509 3435 565 3506 his
580 3436 659 3506 etin
677 3435 747 3506 illis
764 3436 884 3508 eadem
899 3435 1086 3526 1111111111,
1108 3437 1199 3508 idem
1219 3461 1298 3510 acu-

179 3577 271 3642 men,
288 3553 408 3625 eadem
427 3551 653 3642 abundantia,
672 3552 792 3622 eadem
808 3562 987 3643 11111111,
999 3551 1174 3623 interdum
1193 3553 1298 3623 etiam

178 3670 294 3742 eadem
315 3667 544 3757 concinnitas,
565 3676 626 3738 ant
648 3677 769 3740 contra
798 3667 967 3740 severitas
993 3676 1028 3738 et
1054 3666 1101 3739 fel
1115 3676 1147 3739 et
1167 3668 1297 3740 malitia

181 3785 388 3880 reperiatur.
408 3783 567 3855 Dolorem
580 3806 662 3854 vero
687 3794 745 3856 aut
764 3783 928 3876 pietatem
946 3793 1006 3857 aut
1026 3784 1297 3855 misericordiam

181 3899 1293 3995 frustrarequiras.Nonnunquamadmirationem,saeperisum,

213 4105 284 4190 ¹Cf.
303 4136 371 4191 quae
390 4120 423 4175 de
442 4121 640 4192 epitaphiorum
662 4138 764 4192 genero
787 4128 814 4176 et
834 4123 867 4176 de
885 4121 990 4176 Nicolai
1008 4085 1135 4176 Borbonii
1156 4121 1298 4192 epitaphiis

178 4200 245 4253 dixit
257 4200 290 4256 G.
312 4198 397 4254 Curre
416 4201 444 4253 in
463 4200 511 4254 illo
525 4202 654 4272 opusculo
669 4203 741 4274 quod
759 4203 919 4272 inscriptum
943 4209 983 4256 est
1005 4204 1040 4256 de
1058 4201 1122 4255 Vita
1134 4212 1159 4255 et
1179 4201 1299 4271 Scriptis

176 4279 291 4336 Nicolai
303 4280 452 4347 Borbonii,
469 4279 549 4334 1888.
