3124 4988
565 436 610 489 DE
628 432 894 488 spmaanfflarls
1262 434 1293 485 93

171 582 274 654 citate
292 583 467 678 insignem
482 583 648 675 indicant,
667 584 759 680 quod
778 592 959 679 poetarum
982 583 1087 655 etiam
1106 581 1288 655 admodum

172 698 443 771 adulescentium
455 699 605 770 maxime
621 701 801 794 proprium
821 710 887 772 est.
913 699 1018 772 Modo
1034 708 1163 793 sperat,
1189 696 1290 769 modo

173 816 289 906 timet;
323 839 392 887 non
413 816 520 889 multo
540 817 675 887 firmior
704 816 926 911 securiorque
953 837 1032 887 esse
1055 813 1192 886 videtur
1212 837 1290 885 eum

169 931 244 1023 jam
253 956 362 1029 usque
381 933 425 1006 ad
441 933 730 1006 mediumlibrum
748 955 957 1029 progressus
973 940 1037 1004 est.
1191 919 1194 924 ’

371 1099 515 1173 Brevem,
533 1100 627 1188 Zoilo,
645 1100 720 1159 dicis
736 1100 816 1160 huuc
829 1099 965 1160 libellum
983 1121 990 1160 ε

413 1189 475 1248 Osi
486 1190 580 1267 possit
600 1190 678 1249 idem
690 1190 829 1250 omnibus
844 1188 960 1249 videri!

223 1330 313 1402 Vide
337 1331 522 1426 etiamque
544 1332 669 1404 ardore
687 1355 823 1428 quaque
843 1332 1038 1405 humilitate
1051 1334 1182 1406 amicos
1196 1331 1291 1405 suos¹

174 1443 355 1518 obsecret!
388 1448 448 1519 Eis
464 1448 521 1520 dat
536 1456 739 1542 potestatem
758 1450 959 1543 corrigendi
979 1460 1011 1521 et
1033 1450 1241 1522 emendandi
1258 1456 1292 1521 et

174 1559 308 1632 delendi
342 1586 462 1635 omnes
488 1563 580 1637 locos
607 1565 731 1661 quibus
756 1566 792 1636 in
819 1565 936 1636 libello
958 1589 1027 1637 non
1043 1565 1288 1655 delectentur3

173 1675 287 1749 lituris
317 1702 437 1750 eorum
466 1691 499 1753 et
527 1682 831 1754 emendationibus
845 1680 1027 1753 meliorem
1046 1681 1201 1754 futurum
1216 1704 1293 1753 esse

175 1792 302 1865 librum
311 1803 414 1891 atque
432 1797 571 1868 tandem
582 1796 730 1869 fortasse
750 1797 794 1868 ad
805 1797 1049 1893 perfectionem
1069 1822 1147 1871 esse
1162 1805 1292 1871 ventu-

118 1897 121 1903 ’
177 1911 789 2008 rumExeisintellegerepossumus
800 1914 1025 2011 quibusouris
1039 1918 1190 2008 agitatus
1202 1925 1294 1988 esset

175 2027 263 2097 Beza
278 2051 353 2098 oum
371 2027 527 2100 libellum
541 2053 640 2101 suum
660 2030 792 2102 ederet.

224 2143 499 2216 Consentaneum
525 2155 577 2217 est
594 2148 653 2242 qui
667 2147 733 2218 sibi
749 2147 980 2244 versibusque
995 2148 1068 2220 suis
1086 2171 1155 2222 non
1169 2172 1294 2244 peper-

175 2259 273 2349 cerit,
299 2283 377 2331 eum
406 2262 518 2334 minus
547 2264 651 2335 etiam
678 2264 840 2357 operibus
866 2264 1060 2361 aequalium
1082 2267 1291 2361 pepercisse.

176 2376 414 2460 Quorumdam
444 2363 536 2449 enim
557 2379 641 2452 vitia
660 2369 748 2451 ridet
763 2405 841 2453 curn
856 2379 964 2453 facete
975 2391 1047 2453 tum
1067 2381 1217 2454 acriter:

416 2544 469 2604 Nil
486 2563 544 2604 non
558 2546 680 2624 egregie
695 2546 766 2607 facit
779 2548 960 2620 Philaenus,

416 2633 538 2703 Tereus,
555 2636 685 2712 integer,
701 2637 822 2714 elegans
839 2639 1013 2699 Philaenus.

417 2723 538 2784 Testem
548 2726 574 2784 si
591 2726 678 2803 petis,
695 2745 730 2786 en
746 2728 813 2800 tibi,
827 2728 975 2788 Philaeno

418 2812 519 2883 Teste,
535 2815 609 2873 haec
624 2817 722 2875 omnia
737 2818 856 2894 perficit
869 2818 1052 2879 Philaenus:

227 2961 467 3055 Philopatrum
486 2931 726 3037 inclementius
741 2967 950 3038 insectatur:

399 3140 559 3200 Damnabis
578 3141 674 3202 fateor
687 3144 798 3202 uostris
812 3144 988 3221 Philopatre
1003 3142 1133 3215 libellos,

433 3231 474 3288 llt
487 3231 544 3289 tibi
559 3249 617 3290 non
635 3233 747 3292 lectum
767 3233 949 3311 despicietur
963 3251 1048 3310 opus.

398 3317 456 3383 Qui
472 3321 560 3380 tum?
574 3321 601 3380 si
616 3329 736 3382 nostros
751 3340 857 3399 carpas
871 3323 1050 3400 Philopatre
1064 3321 1193 3392 libellos,

438 3409 595 3469 Debebunt
613 3415 696 3470 tanto
712 3416 815 3470 nostra
829 3413 949 3488 placere
964 3411 1071 3488 magis.

224 3551 303 3622 dam
315 3551 533 3645 epigramma
547 3580 564 3622 u
576 3554 612 3624 in
627 3555 790 3648 Sapidum
801 3579 819 3624 »
844 3557 1061 3650 protulimus,
1080 3554 1297 3628 Concludere

178 3667 286 3760 igitur
295 3689 478 3761 possumus
495 3667 606 3740 Bezae
622 3679 715 3742 certe
739 3694 807 3742 nou
825 3694 971 3743 acumen
994 3670 1129 3764 ingenii
1142 3668 1296 3742 defuisse

177 3782 397 3878 inimicisque
409 3785 481 3854 suis
501 3807 579 3856 eum
600 3808 701 3880 saepe
712 3785 816 3858 fuisse
836 3789 1030 3859 mordacem
1056 3798 1090 3858 et
1118 3788 1294 3858 acerbum.

228 3899 269 3970 ln
283 3898 455 3971 laudando
471 3923 552 3971 vero
573 3901 809 3996 multomagis
829 3911 882 3975 est
901 3903 1117 3975 immodicus.
1142 3904 1298 3975 Virtutes

180 4015 271 4087 enim
298 4020 451 4086 omniurn
478 4040 711 4115 quoscumque
726 4019 844 4092 laudat
862 4021 949 4092 adeo
963 4028 1137 4113 augentur
1151 4027 1189 4091 ut
1207 4042 1297 4091 sem-

180 4154 243 4225 per
266 4133 585 4224 praestantissimae
600 4144 634 4205 et
651 4136 874 4207 incredibiles
901 4136 999 4207 nobis
1015 4135 1294 4208 essevideantur.

218 4337 227 4371 1
249 4339 296 4393 Ad
313 4340 442 4396 Amicos:
459 4361 473 4392 o
492 4343 569 4398 Hunc
580 4361 733 4416 quanquam
746 4344 885 4414 illepidum
899 4352 925 4400 et
939 4344 1040 4401 malum
1053 4344 1225 4426 libellum...»
