<?xml version="1.0" encoding="UTF-8"?>
<!DOCTYPE html PUBLIC "-//W3C//DTD XHTML 1.0 Transitional//EN"
    "http://www.w3.org/TR/xhtml1/DTD/xhtml1-transitional.dtd">
<html xmlns="http://www.w3.org/1999/xhtml" xml:lang="en" lang="en">
 <head>
  <title>
</title>
<meta http-equiv="Content-Type" content="text/html;charset=utf-8" />
  <meta name='ocr-system' content='tesseract 3.04.00' />
  <meta name='ocr-capabilities' content='ocr_page ocr_carea ocr_par ocr_line ocrx_word'/>
</head>
<body>
  <div class='ocr_page' id='page_1' title='image "./detheodoribezae00maiggoog_0089.png"; bbox 0 0 3124 4988; ppageno 0'>
   <div class='ocr_carea' id='block_1_1' title="bbox 260 405 986 456">
    <p class='ocr_par' dir='ltr' id='par_1_1' title="bbox 260 405 986 456">
     <span class='ocr_line' id='line_1_1' title="bbox 260 405 986 456; baseline 0 -2"><span class='ocrx_word' id='word_1_1' title='bbox 260 405 293 454; x_wconf 77' lang='lat'>82</span> <span class='ocrx_word' id='word_1_2' title='bbox 654 405 699 456; x_wconf 82' lang='lat' dir='ltr'>DE</span> <span class='ocrx_word' id='word_1_3' title='bbox 716 405 986 456; x_wconf 82' lang='lat' dir='ltr'><strong>EPIGRAMMATIS</strong></span> 
     </span>
    </p>
   </div>
   <div class='ocr_carea' id='block_1_2' title="bbox 180 550 1385 2507">
    <p class='ocr_par' dir='ltr' id='par_1_2' title="bbox 262 550 1379 739">
     <span class='ocr_line' id='line_1_2' title="bbox 262 550 1379 645; baseline 0.003 -25"><span class='ocrx_word' id='word_1_4' title='bbox 262 571 282 620; x_wconf 92' lang='lat' dir='ltr'>a</span> <span class='ocrx_word' id='word_1_5' title='bbox 301 559 419 622; x_wconf 91' lang='lat' dir='ltr'>nostro</span> <span class='ocrx_word' id='word_1_6' title='bbox 434 550 508 644; x_wconf 85' lang='lat' dir='ltr'>ipso</span> <span class='ocrx_word' id='word_1_7' title='bbox 531 552 700 645; x_wconf 79' lang='lat' dir='ltr'>scriptore</span> <span class='ocrx_word' id='word_1_8' title='bbox 719 551 811 622; x_wconf 90' lang='lat' dir='ltr'>iuter</span> <span class='ocrx_word' id='word_1_9' title='bbox 824 551 1087 644; x_wconf 81' lang='lat' dir='ltr'>Epigrammata</span> <span class='ocrx_word' id='word_1_10' title='bbox 1103 551 1267 623; x_wconf 91' lang='lat' dir='ltr'>collocata</span> <span class='ocrx_word' id='word_1_11' title='bbox 1284 563 1379 636; x_wconf 90' lang='lat' dir='ltr'>suut,</span> 
     </span>
     <span class='ocr_line' id='line_1_3' title="bbox 263 665 743 739; baseline 0.008 -4"><span class='ocrx_word' id='word_1_12' title='bbox 263 665 305 736; x_wconf 84' lang='lat' dir='ltr'>de</span> <span class='ocrx_word' id='word_1_13' title='bbox 315 665 359 736; x_wconf 90' lang='lat' dir='ltr'>iis</span> <span class='ocrx_word' id='word_1_14' title='bbox 373 689 441 738; x_wconf 90' lang='lat' dir='ltr'>uon</span> <span class='ocrx_word' id='word_1_15' title='bbox 459 665 642 738; x_wconf 89' lang='lat' dir='ltr'>dicendum</span> <span class='ocrx_word' id='word_1_16' title='bbox 657 678 708 739; x_wconf 90' lang='lat' dir='ltr'>est</span> <span class='ocrx_word' id='word_1_17' title='bbox 719 666 743 738; x_wconf 81' lang='lat'>¹.</span> 
     </span>
    </p>

    <p class='ocr_par' dir='ltr' id='par_1_3' title="bbox 180 768 1385 2037">
     <span class='ocr_line' id='line_1_4' title="bbox 180 768 1380 879; baseline 0.002 -27"><span class='ocrx_word' id='word_1_18' title='bbox 180 768 182 774; x_wconf 51' lang='grc'>’</span> <span class='ocrx_word' id='word_1_19' title='bbox 310 781 420 853; x_wconf 86' lang='lat' dir='ltr'>Bezac</span> <span class='ocrx_word' id='word_1_20' title='bbox 447 783 700 877; x_wconf 85' lang='lat' dir='ltr'>epigrammata</span> <span class='ocrx_word' id='word_1_21' title='bbox 725 807 793 854; x_wconf 91' lang='lat' dir='ltr'>non</span> <span class='ocrx_word' id='word_1_22' title='bbox 824 785 936 855; x_wconf 93' lang='lat' dir='ltr'>minus</span> <span class='ocrx_word' id='word_1_23' title='bbox 955 785 1005 856; x_wconf 84' lang='lat' dir='ltr'>eis</span> <span class='ocrx_word' id='word_1_24' title='bbox 1029 806 1117 879; x_wconf 85' lang='lat' dir='ltr'>quae</span> <span class='ocrx_word' id='word_1_25' title='bbox 1142 784 1271 855; x_wconf 88' lang='lat' dir='ltr'>nostris</span> <span class='ocrx_word' id='word_1_26' title='bbox 1290 792 1380 855; x_wconf 85' lang='lat' dir='ltr'>tem-</span> 
     </span>
     <span class='ocr_line' id='line_1_5' title="bbox 262 896 1384 994; baseline 0.004 -28"><span class='ocrx_word' id='word_1_27' title='bbox 262 896 405 990; x_wconf 89' lang='lat' dir='ltr'><strong>poribus</strong></span> <span class='ocrx_word' id='word_1_28' title='bbox 423 908 675 993; x_wconf 90' lang='lat' dir='ltr'>componuntur</span> <span class='ocrx_word' id='word_1_29' title='bbox 694 922 797 994; x_wconf 92' lang='lat' dir='ltr'>quam</span> <span class='ocrx_word' id='word_1_30' title='bbox 818 900 964 972; x_wconf 84' lang='lat' dir='ltr'>Graecis</span> <span class='ocrx_word' id='word_1_31' title='bbox 980 899 1163 971; x_wconf 86' lang='lat' dir='ltr'>dissimilia</span> <span class='ocrx_word' id='word_1_32' title='bbox 1176 909 1269 971; x_wconf 88' lang='lat' dir='ltr'>suut.</span> <span class='ocrx_word' id='word_1_33' title='bbox 1296 899 1384 970; x_wconf 88' lang='lat' dir='ltr'>Ple-</span> 
     </span>
     <span class='ocr_line' id='line_1_6' title="bbox 260 1013 1382 1109; baseline 0.003 -27"><span class='ocrx_word' id='word_1_34' title='bbox 260 1036 406 1108; x_wconf 85' lang='lat' dir='ltr'>rumque</span> <span class='ocrx_word' id='word_1_35' title='bbox 436 1014 528 1086; x_wconf 89' lang='lat' dir='ltr'>enim</span> <span class='ocrx_word' id='word_1_36' title='bbox 551 1039 591 1086; x_wconf 90' lang='lat' dir='ltr'>eo</span> <span class='ocrx_word' id='word_1_37' title='bbox 618 1014 760 1088; x_wconf 91' lang='lat' dir='ltr'>consilio</span> <span class='ocrx_word' id='word_1_38' title='bbox 784 1015 913 1109; x_wconf 85' lang='lat' dir='ltr'>scripta</span> <span class='ocrx_word' id='word_1_39' title='bbox 949 1013 1090 1086; x_wconf 87' lang='lat' dir='ltr'>fuerunt</span> <span class='ocrx_word' id='word_1_40' title='bbox 1114 1026 1151 1087; x_wconf 94' lang='lat' dir='ltr'>ut</span> <span class='ocrx_word' id='word_1_41' title='bbox 1175 1015 1219 1086; x_wconf 91' lang='lat' dir='ltr'>ad</span> <span class='ocrx_word' id='word_1_42' title='bbox 1248 1024 1382 1087; x_wconf 92' lang='lat' dir='ltr'>certum</span> 
     </span>
     <span class='ocr_line' id='line_1_7' title="bbox 261 1130 1385 1226; baseline 0 -26"><span class='ocrx_word' id='word_1_43' title='bbox 261 1130 434 1224; x_wconf 84' lang='lat' dir='ltr'>quoddam</span> <span class='ocrx_word' id='word_1_44' title='bbox 449 1139 584 1226; x_wconf 90' lang='lat' dir='ltr'>tempus</span> <span class='ocrx_word' id='word_1_45' title='bbox 598 1131 942 1203; x_wconf 89' lang='lat' dir='ltr'>accommodarentur</span> <span class='ocrx_word' id='word_1_46' title='bbox 956 1156 965 1221; x_wconf 83' lang='lat'><em>3</em></span> <span class='ocrx_word' id='word_1_47' title='bbox 985 1155 1040 1203; x_wconf 91' lang='lat' dir='ltr'>res</span> <span class='ocrx_word' id='word_1_48' title='bbox 1061 1131 1276 1204; x_wconf 83' lang='lat' dir='ltr'>abundantes</span> <span class='ocrx_word' id='word_1_49' title='bbox 1302 1140 1385 1202; x_wconf 88' lang='lat' dir='ltr'>sunt</span> 
     </span>
     <span class='ocr_line' id='line_1_8' title="bbox 262 1245 1383 1342; baseline 0.002 -26"><span class='ocrx_word' id='word_1_50' title='bbox 262 1255 295 1316; x_wconf 89' lang='lat' dir='ltr'>et</span> <span class='ocrx_word' id='word_1_51' title='bbox 315 1245 502 1317; x_wconf 87' lang='lat' dir='ltr'>admodum</span> <span class='ocrx_word' id='word_1_52' title='bbox 522 1247 665 1336; x_wconf 85' lang='lat' dir='ltr'>variae3</span> <span class='ocrx_word' id='word_1_53' title='bbox 693 1246 826 1319; x_wconf 88' lang='lat' dir='ltr'>nullam</span> <span class='ocrx_word' id='word_1_54' title='bbox 847 1246 963 1342; x_wconf 88' lang='lat' dir='ltr'>legem</span> <span class='ocrx_word' id='word_1_55' title='bbox 991 1256 1092 1341; x_wconf 87' lang='lat' dir='ltr'>poeta</span> <span class='ocrx_word' id='word_1_56' title='bbox 1114 1249 1292 1342; x_wconf 75' lang='lat' dir='ltr'>sequitur,</span> <span class='ocrx_word' id='word_1_57' title='bbox 1315 1248 1383 1320; x_wconf 89' lang='lat' dir='ltr'>huc</span> 
     </span>
     <span class='ocr_line' id='line_1_9' title="bbox 262 1361 1382 1457; baseline 0.001 -25"><span class='ocrx_word' id='word_1_58' title='bbox 262 1371 296 1433; x_wconf 90' lang='lat' dir='ltr'>et</span> <span class='ocrx_word' id='word_1_59' title='bbox 309 1361 391 1434; x_wconf 93' lang='lat' dir='ltr'>illuc</span> <span class='ocrx_word' id='word_1_60' title='bbox 408 1363 644 1457; x_wconf 80' lang='lat' dir='ltr'>progreditur,</span> <span class='ocrx_word' id='word_1_61' title='bbox 662 1363 752 1435; x_wconf 86' lang='lat' dir='ltr'>sicut</span> <span class='ocrx_word' id='word_1_62' title='bbox 772 1362 878 1436; x_wconf 90' lang='lat' dir='ltr'>lubet.</span> <span class='ocrx_word' id='word_1_63' title='bbox 906 1365 1000 1448; x_wconf 89' lang='lat' dir='ltr'>Quae</span> <span class='ocrx_word' id='word_1_64' title='bbox 1026 1364 1183 1452; x_wconf 90' lang='lat' dir='ltr'>libertas,</span> <span class='ocrx_word' id='word_1_65' title='bbox 1206 1387 1251 1434; x_wconf 90' lang='lat' dir='ltr'>ne</span> <span class='ocrx_word' id='word_1_66' title='bbox 1269 1362 1382 1436; x_wconf 93' lang='lat' dir='ltr'>dicam</span> 
     </span>
     <span class='ocr_line' id='line_1_10' title="bbox 260 1477 1383 1574; baseline 0.002 -26"><span class='ocrx_word' id='word_1_67' title='bbox 260 1477 417 1568; x_wconf 86' lang='lat' dir='ltr'>licentia,</span> <span class='ocrx_word' id='word_1_68' title='bbox 447 1480 630 1574; x_wconf 87' lang='lat' dir='ltr'>praecipua</span> <span class='ocrx_word' id='word_1_69' title='bbox 659 1501 762 1552; x_wconf 90' lang='lat' dir='ltr'>causa</span> <span class='ocrx_word' id='word_1_70' title='bbox 795 1479 859 1551; x_wconf 87' lang='lat' dir='ltr'>fuit</span> <span class='ocrx_word' id='word_1_71' title='bbox 892 1504 952 1552; x_wconf 91' lang='lat' dir='ltr'>cur</span> <span class='ocrx_word' id='word_1_72' title='bbox 987 1479 1241 1574; x_wconf 89' lang='lat' dir='ltr'>epigrammata</span> <span class='ocrx_word' id='word_1_73' title='bbox 1269 1480 1383 1552; x_wconf 89' lang='lat' dir='ltr'>Bezae</span> 
     </span>
     <span class='ocr_line' id='line_1_11' title="bbox 263 1594 1381 1692; baseline 0 -26"><span class='ocrx_word' id='word_1_74' title='bbox 263 1596 410 1668; x_wconf 88' lang='lat' dir='ltr'>maxima</span> <span class='ocrx_word' id='word_1_75' title='bbox 424 1619 502 1667; x_wconf 90' lang='lat' dir='ltr'>cum</span> <span class='ocrx_word' id='word_1_76' title='bbox 515 1594 693 1689; x_wconf 87' lang='lat' dir='ltr'>voluptate</span> <span class='ocrx_word' id='word_1_77' title='bbox 707 1596 750 1668; x_wconf 89' lang='lat' dir='ltr'>ab</span> <span class='ocrx_word' id='word_1_78' title='bbox 760 1595 966 1692; x_wconf 86' lang='lat' dir='ltr'>aequalibus</span> <span class='ocrx_word' id='word_1_79' title='bbox 979 1596 1069 1669; x_wconf 88' lang='lat' dir='ltr'>lecta</span> <span class='ocrx_word' id='word_1_80' title='bbox 1082 1594 1223 1668; x_wconf 87' lang='lat' dir='ltr'>fuerint.</span> <span class='ocrx_word' id='word_1_81' title='bbox 1237 1596 1288 1668; x_wconf 84' lang='lat' dir='ltr'>Ea</span> <span class='ocrx_word' id='word_1_82' title='bbox 1302 1620 1381 1667; x_wconf 90' lang='lat' dir='ltr'>oum</span> 
     </span>
     <span class='ocr_line' id='line_1_12' title="bbox 263 1712 1381 1807; baseline 0.003 -26"><span class='ocrx_word' id='word_1_83' title='bbox 263 1712 332 1782; x_wconf 85' lang='lat' dir='ltr'>sint</span> <span class='ocrx_word' id='word_1_84' title='bbox 355 1712 464 1785; x_wconf 90' lang='lat' dir='ltr'>multa</span> <span class='ocrx_word' id='word_1_85' title='bbox 487 1753 535 1763; x_wconf 93' lang='lat'><em>-</em></span> <span class='ocrx_word' id='word_1_86' title='bbox 559 1719 635 1785; x_wconf 89' lang='lat' dir='ltr'>octo</span> <span class='ocrx_word' id='word_1_87' title='bbox 661 1721 696 1784; x_wconf 88' lang='lat' dir='ltr'>et</span> <span class='ocrx_word' id='word_1_88' title='bbox 723 1714 912 1806; x_wconf 86' lang='lat' dir='ltr'>nonaginta</span> <span class='ocrx_word' id='word_1_89' title='bbox 937 1712 1030 1782; x_wconf 91' lang='lat' dir='ltr'>enim</span> <span class='ocrx_word' id='word_1_90' title='bbox 1057 1721 1138 1783; x_wconf 90' lang='lat' dir='ltr'>sunt</span> <span class='ocrx_word' id='word_1_91' title='bbox 1157 1753 1205 1762; x_wconf 92' lang='lat'>—</span> <span class='ocrx_word' id='word_1_92' title='bbox 1224 1712 1261 1783; x_wconf 93' lang='lat' dir='ltr'>in</span> <span class='ocrx_word' id='word_1_93' title='bbox 1280 1712 1381 1807; x_wconf 89' lang='lat' dir='ltr'>plura</span> 
     </span>
     <span class='ocr_line' id='line_1_13' title="bbox 263 1828 1381 1926; baseline 0 -26"><span class='ocrx_word' id='word_1_94' title='bbox 263 1851 394 1926; x_wconf 86' lang='lat' dir='ltr'>genera</span> <span class='ocrx_word' id='word_1_95' title='bbox 404 1828 609 1919; x_wconf 88' lang='lat' dir='ltr'>dividemus,</span> <span class='ocrx_word' id='word_1_96' title='bbox 625 1851 692 1925; x_wconf 92' lang='lat' dir='ltr'>quo</span> <span class='ocrx_word' id='word_1_97' title='bbox 705 1839 739 1900; x_wconf 91' lang='lat' dir='ltr'>et</span> <span class='ocrx_word' id='word_1_98' title='bbox 749 1829 964 1901; x_wconf 89' lang='lat' dir='ltr'>commodius</span> <span class='ocrx_word' id='word_1_99' title='bbox 977 1838 1009 1899; x_wconf 88' lang='lat' dir='ltr'>et</span> <span class='ocrx_word' id='word_1_100' title='bbox 1021 1828 1148 1900; x_wconf 91' lang='lat' dir='ltr'>clarius</span> <span class='ocrx_word' id='word_1_101' title='bbox 1159 1851 1199 1900; x_wconf 91' lang='lat' dir='ltr'>ea</span> <span class='ocrx_word' id='word_1_102' title='bbox 1209 1829 1381 1923; x_wconf 88' lang='lat' dir='ltr'>inspicere</span> 
     </span>
     <span class='ocr_line' id='line_1_14' title="bbox 263 1946 448 2037; baseline 0 -21"><span class='ocrx_word' id='word_1_103' title='bbox 263 1946 448 2037; x_wconf 88' lang='lat' dir='ltr'>possimus.</span> 
     </span>
    </p>

    <p class='ocr_par' dir='ltr' id='par_1_4' title="bbox 262 2061 1383 2507">
     <span class='ocr_line' id='line_1_15' title="bbox 312 2061 1383 2157; baseline -0.001 -24"><span class='ocrx_word' id='word_1_104' title='bbox 312 2062 430 2134; x_wconf 92' lang='lat' dir='ltr'>Primo</span> <span class='ocrx_word' id='word_1_105' title='bbox 449 2063 555 2156; x_wconf 92' lang='lat' dir='ltr'>igitur</span> <span class='ocrx_word' id='word_1_106' title='bbox 581 2063 617 2132; x_wconf 94' lang='lat' dir='ltr'>iu</span> <span class='ocrx_word' id='word_1_107' title='bbox 637 2085 769 2155; x_wconf 85' lang='lat' dir='ltr'>genero</span> <span class='ocrx_word' id='word_1_108' title='bbox 792 2061 1038 2134; x_wconf 85' lang='lat' dir='ltr'>collocabimus</span> <span class='ocrx_word' id='word_1_109' title='bbox 1063 2083 1105 2133; x_wconf 90' lang='lat' dir='ltr'>ea</span> <span class='ocrx_word' id='word_1_110' title='bbox 1125 2084 1214 2157; x_wconf 89' lang='lat' dir='ltr'>quae</span> <span class='ocrx_word' id='word_1_111' title='bbox 1228 2061 1383 2155; x_wconf 91' lang='lat' dir='ltr'>iuscrip-</span> 
     </span>
     <span class='ocr_line' id='line_1_16' title="bbox 262 2177 1381 2274; baseline -0.004 -23"><span class='ocrx_word' id='word_1_112' title='bbox 262 2180 374 2251; x_wconf 91' lang='lat' dir='ltr'>tiones</span> <span class='ocrx_word' id='word_1_113' title='bbox 402 2188 481 2250; x_wconf 88' lang='lat' dir='ltr'>sunt</span> <span class='ocrx_word' id='word_1_114' title='bbox 499 2189 558 2253; x_wconf 88' lang='lat' dir='ltr'>aut</span> <span class='ocrx_word' id='word_1_115' title='bbox 577 2178 863 2274; x_wconf 88' lang='lat' dir='ltr'>inscriptionibus</span> <span class='ocrx_word' id='word_1_116' title='bbox 891 2179 1038 2250; x_wconf 73' lang='lat' dir='ltr'>similes</span> <span class='ocrx_word' id='word_1_117' title='bbox 1063 2177 1174 2268; x_wconf 89' lang='lat' dir='ltr'>Haec,</span> <span class='ocrx_word' id='word_1_118' title='bbox 1195 2187 1233 2250; x_wconf 93' lang='lat' dir='ltr'>ut</span> <span class='ocrx_word' id='word_1_119' title='bbox 1259 2201 1381 2250; x_wconf 88' lang='lat' dir='ltr'>verum</span> 
     </span>
     <span class='ocr_line' id='line_1_17' title="bbox 263 2294 1381 2390; baseline 0 -24"><span class='ocrx_word' id='word_1_120' title='bbox 263 2295 388 2384; x_wconf 91' lang='lat' dir='ltr'>dicam,</span> <span class='ocrx_word' id='word_1_121' title='bbox 412 2319 482 2368; x_wconf 90' lang='lat' dir='ltr'>non</span> <span class='ocrx_word' id='word_1_122' title='bbox 503 2295 564 2366; x_wconf 92' lang='lat' dir='ltr'>illa</span> <span class='ocrx_word' id='word_1_123' title='bbox 591 2294 810 2389; x_wconf 89' lang='lat' dir='ltr'>simplicitate</span> <span class='ocrx_word' id='word_1_124' title='bbox 836 2303 1051 2390; x_wconf 84' lang='lat' dir='ltr'>venustaque</span> <span class='ocrx_word' id='word_1_125' title='bbox 1070 2294 1260 2366; x_wconf 87' lang='lat' dir='ltr'>subtilitate</span> <span class='ocrx_word' id='word_1_126' title='bbox 1286 2318 1381 2366; x_wconf 92' lang='lat' dir='ltr'>com-</span> 
     </span>
     <span class='ocr_line' id='line_1_18' title="bbox 263 2409 1382 2507; baseline 0 -25"><span class='ocrx_word' id='word_1_127' title='bbox 263 2411 471 2484; x_wconf 90' lang='lat' dir='ltr'>mendantur</span> <span class='ocrx_word' id='word_1_128' title='bbox 491 2435 556 2507; x_wconf 91' lang='lat' dir='ltr'>qua</span> <span class='ocrx_word' id='word_1_129' title='bbox 576 2413 611 2481; x_wconf 93' lang='lat' dir='ltr'>in</span> <span class='ocrx_word' id='word_1_130' title='bbox 638 2411 854 2483; x_wconf 83' lang='lat' dir='ltr'>Graecorum</span> <span class='ocrx_word' id='word_1_131' title='bbox 879 2409 1042 2506; x_wconf 88' lang='lat' dir='ltr'>operibus</span> <span class='ocrx_word' id='word_1_132' title='bbox 1064 2419 1242 2505; x_wconf 85' lang='lat' dir='ltr'>tantopere</span> <span class='ocrx_word' id='word_1_133' title='bbox 1262 2412 1382 2482; x_wconf 84' lang='lat' dir='ltr'>delec-</span> 
     </span>
    </p>
   </div>
   <div class='ocr_carea' id='block_1_3' title="bbox 259 2526 1382 3321">
    <p class='ocr_par' dir='ltr' id='par_1_5' title="bbox 259 2526 1382 3321">
     <span class='ocr_line' id='line_1_19' title="bbox 261 2526 1382 2624; baseline -0.004 -23"><span class='ocrx_word' id='word_1_134' title='bbox 261 2539 376 2601; x_wconf 91' lang='lat' dir='ltr'>tamur</span> <span class='ocrx_word' id='word_1_135' title='bbox 385 2554 395 2622; x_wconf 91' lang='lat'>;</span> <span class='ocrx_word' id='word_1_136' title='bbox 411 2528 471 2601; x_wconf 91' lang='lat' dir='ltr'>sed</span> <span class='ocrx_word' id='word_1_137' title='bbox 481 2529 670 2624; x_wconf 89' lang='lat' dir='ltr'>potiushoc</span> <span class='ocrx_word' id='word_1_138' title='bbox 682 2526 989 2600; x_wconf 89' lang='lat' dir='ltr'>animadvertimus</span> <span class='ocrx_word' id='word_1_139' title='bbox 1001 2527 1123 2598; x_wconf 75' lang='lat' dir='ltr'>Bezam</span> <span class='ocrx_word' id='word_1_140' title='bbox 1136 2527 1172 2596; x_wconf 93' lang='lat' dir='ltr'>in</span> <span class='ocrx_word' id='word_1_141' title='bbox 1183 2526 1382 2622; x_wconf 89' lang='lat' dir='ltr'>hujusmodi</span> 
     </span>
     <span class='ocr_line' id='line_1_20' title="bbox 262 2643 1381 2740; baseline -0.002 -24"><span class='ocrx_word' id='word_1_142' title='bbox 262 2645 524 2740; x_wconf 84' lang='lat' dir='ltr'>epigrammatis</span> <span class='ocrx_word' id='word_1_143' title='bbox 539 2666 676 2739; x_wconf 88' lang='lat' dir='ltr'>semper</span> <span class='ocrx_word' id='word_1_144' title='bbox 694 2651 927 2714; x_wconf 87' lang='lat' dir='ltr'>consectatum</span> <span class='ocrx_word' id='word_1_145' title='bbox 947 2666 1037 2732; x_wconf 89' lang='lat' dir='ltr'>esse,</span> <span class='ocrx_word' id='word_1_146' title='bbox 1054 2643 1149 2714; x_wconf 89' lang='lat' dir='ltr'>velut</span> <span class='ocrx_word' id='word_1_147' title='bbox 1166 2644 1381 2716; x_wconf 87' lang='lat' dir='ltr'>recentiores</span> 
     </span>
     <span class='ocr_line' id='line_1_21' title="bbox 262 2758 1378 2854; baseline -0.002 -22"><span class='ocrx_word' id='word_1_148' title='bbox 262 2761 449 2854; x_wconf 88' lang='lat' dir='ltr'>scriptores</span> <span class='ocrx_word' id='word_1_149' title='bbox 471 2761 508 2830; x_wconf 90' lang='lat' dir='ltr'>iu</span> <span class='ocrx_word' id='word_1_150' title='bbox 524 2759 586 2830; x_wconf 92' lang='lat' dir='ltr'>illo</span> <span class='ocrx_word' id='word_1_151' title='bbox 602 2759 735 2854; x_wconf 90' lang='lat' dir='ltr'>poetico</span> <span class='ocrx_word' id='word_1_152' title='bbox 755 2781 886 2850; x_wconf 87' lang='lat' dir='ltr'>genere</span> <span class='ocrx_word' id='word_1_153' title='bbox 902 2759 992 2852; x_wconf 92' lang='lat' dir='ltr'>quod</span> <span class='ocrx_word' id='word_1_154' title='bbox 1015 2758 1142 2830; x_wconf 88' lang='lat' dir='ltr'>dicitur</span> <span class='ocrx_word' id='word_1_155' title='bbox 1170 2786 1189 2830; x_wconf 77' lang='lat' dir='ltr'>&lt;r</span> <span class='ocrx_word' id='word_1_156' title='bbox 1204 2768 1326 2832; x_wconf 90' lang='lat' dir='ltr'>sonnet</span> <span class='ocrx_word' id='word_1_157' title='bbox 1341 2786 1378 2849; x_wconf 78' lang='lat' dir='ltr'>u,</span> 
     </span>
     <span class='ocr_line' id='line_1_22' title="bbox 261 2875 1380 2970; baseline -0.001 -21"><span class='ocrx_word' id='word_1_158' title='bbox 261 2900 406 2949; x_wconf 89' lang='lat' dir='ltr'>acumen</span> <span class='ocrx_word' id='word_1_159' title='bbox 421 2875 508 2947; x_wconf 94' lang='lat' dir='ltr'>illud</span> <span class='ocrx_word' id='word_1_160' title='bbox 528 2886 561 2947; x_wconf 89' lang='lat' dir='ltr'>et</span> <span class='ocrx_word' id='word_1_161' title='bbox 575 2875 727 2970; x_wconf 91' lang='lat' dir='ltr'>lepidum</span> <span class='ocrx_word' id='word_1_162' title='bbox 748 2877 866 2970; x_wconf 87' lang='lat' dir='ltr'>jocum</span> <span class='ocrx_word' id='word_1_163' title='bbox 882 2897 924 2946; x_wconf 85' lang='lat' dir='ltr'>ex</span> <span class='ocrx_word' id='word_1_164' title='bbox 943 2899 1010 2970; x_wconf 91' lang='lat' dir='ltr'>quo</span> <span class='ocrx_word' id='word_1_165' title='bbox 1030 2876 1204 2948; x_wconf 88' lang='lat' dir='ltr'>clausulae</span> <span class='ocrx_word' id='word_1_166' title='bbox 1219 2884 1380 2948; x_wconf 90' lang='lat' dir='ltr'>constant</span> 
     </span>
     <span class='ocr_line' id='line_1_23' title="bbox 261 2990 1380 3090; baseline 0 -26"><span class='ocrx_word' id='word_1_167' title='bbox 261 2991 626 3090; x_wconf 90' lang='lat' dir='ltr'>quibustantummodo</span> <span class='ocrx_word' id='word_1_168' title='bbox 638 2990 1018 3086; x_wconf 82' lang='lat' dir='ltr'>relpraecipuevalent.</span> <span class='ocrx_word' id='word_1_169' title='bbox 1031 2992 1293 3086; x_wconf 86' lang='lat' dir='ltr'>Simplicitatem</span> <span class='ocrx_word' id='word_1_170' title='bbox 1310 3015 1380 3064; x_wconf 94' lang='lat' dir='ltr'>uu-</span> 
     </span>
     <span class='ocr_line' id='line_1_24' title="bbox 261 3106 1381 3205; baseline 0 -24"><span class='ocrx_word' id='word_1_171' title='bbox 261 3111 339 3182; x_wconf 92' lang='lat' dir='ltr'>dam</span> <span class='ocrx_word' id='word_1_172' title='bbox 349 3110 680 3205; x_wconf 88' lang='lat' dir='ltr'>atqueinornatama</span> <span class='ocrx_word' id='word_1_173' title='bbox 692 3116 811 3178; x_wconf 90' lang='lat' dir='ltr'>nostro</span> <span class='ocrx_word' id='word_1_174' title='bbox 825 3118 927 3202; x_wconf 90' lang='lat' dir='ltr'>poeta</span> <span class='ocrx_word' id='word_1_175' title='bbox 941 3118 1096 3202; x_wconf 88' lang='lat' dir='ltr'>spretam</span> <span class='ocrx_word' id='word_1_176' title='bbox 1111 3107 1257 3180; x_wconf 88' lang='lat' dir='ltr'>adsiduo</span> <span class='ocrx_word' id='word_1_177' title='bbox 1273 3106 1381 3181; x_wconf 85' lang='lat' dir='ltr'>fuisse</span> 
     </span>
     <span class='ocr_line' id='line_1_25' title="bbox 259 3222 1379 3321; baseline 0 -25"><span class='ocrx_word' id='word_1_178' title='bbox 259 3224 369 3314; x_wconf 74' lang='lat' dir='ltr'>dicar,</span> <span class='ocrx_word' id='word_1_179' title='bbox 389 3248 535 3321; x_wconf 91' lang='lat' dir='ltr'>eumque</span> <span class='ocrx_word' id='word_1_180' title='bbox 556 3247 677 3296; x_wconf 92' lang='lat' dir='ltr'>rursus</span> <span class='ocrx_word' id='word_1_181' title='bbox 689 3224 727 3294; x_wconf 92' lang='lat' dir='ltr'>in</span> <span class='ocrx_word' id='word_1_182' title='bbox 741 3222 923 3318; x_wconf 82' lang='lat' dir='ltr'>exquisitis</span> <span class='ocrx_word' id='word_1_183' title='bbox 939 3235 974 3297; x_wconf 90' lang='lat' dir='ltr'>et</span> <span class='ocrx_word' id='word_1_184' title='bbox 993 3223 1179 3296; x_wconf 91' lang='lat' dir='ltr'>subtilibus</span> <span class='ocrx_word' id='word_1_185' title='bbox 1195 3224 1379 3297; x_wconf 88' lang='lat' dir='ltr'>sententiis</span> 
     </span>
    </p>
   </div>
   <div class='ocr_carea' id='block_1_4' title="bbox 293 3424 1378 3496">
    <p class='ocr_par' dir='ltr' id='par_1_6' title="bbox 293 3424 1378 3496">
     <span class='ocr_line' id='line_1_26' title="bbox 293 3424 1378 3496; baseline -0.003 -16"><span class='ocrx_word' id='word_1_186' title='bbox 293 3428 304 3462; x_wconf 90' lang='lat'>¹</span> <span class='ocrx_word' id='word_1_187' title='bbox 323 3427 423 3480; x_wconf 82' lang='lat' dir='ltr'>Icones</span> <span class='ocrx_word' id='word_1_188' title='bbox 437 3427 520 3480; x_wconf 84' lang='lat' dir='ltr'>Bezac</span> <span class='ocrx_word' id='word_1_189' title='bbox 532 3424 606 3481; x_wconf 93' lang='lat' dir='ltr'>nullo</span> <span class='ocrx_word' id='word_1_190' title='bbox 619 3426 697 3480; x_wconf 90' lang='lat' dir='ltr'>modo</span> <span class='ocrx_word' id='word_1_191' title='bbox 708 3442 769 3480; x_wconf 88' lang='lat' dir='ltr'>cum</span> <span class='ocrx_word' id='word_1_192' title='bbox 782 3425 879 3480; x_wconf 84' lang='lat' dir='ltr'>Alciati</span> <span class='ocrx_word' id='word_1_193' title='bbox 890 3425 1079 3480; x_wconf 78' lang='lat' dir='ltr'>Emblemutis</span> <span class='ocrx_word' id='word_1_194' title='bbox 1091 3425 1243 3496; x_wconf 84' lang='lat' dir='ltr'>comparari</span> <span class='ocrx_word' id='word_1_195' title='bbox 1256 3431 1378 3496; x_wconf 87' lang='lat' dir='ltr'>possunt.</span> 
     </span>
    </p>
   </div>
   <div class='ocr_carea' id='block_1_5' title="bbox 172 3506 1322 3578">
    <p class='ocr_par' dir='ltr' id='par_1_7' title="bbox 172 3506 1322 3578">
     <span class='ocr_line' id='line_1_27' title="bbox 172 3506 1322 3578; baseline -0.003 -17"><span class='ocrx_word' id='word_1_196' title='bbox 172 3553 176 3562; x_wconf 89' lang='grc'><em>,</em></span> <span class='ocrx_word' id='word_1_197' title='bbox 257 3506 299 3560; x_wconf 83' lang='lat' dir='ltr'>Ex</span> <span class='ocrx_word' id='word_1_198' title='bbox 313 3509 352 3561; x_wconf 85' lang='lat' dir='ltr'>eis</span> <span class='ocrx_word' id='word_1_199' title='bbox 368 3513 457 3561; x_wconf 85' lang='lat' dir='ltr'>tamen</span> <span class='ocrx_word' id='word_1_200' title='bbox 474 3507 606 3578; x_wconf 86' lang='lat' dir='ltr'>quaedam</span> <span class='ocrx_word' id='word_1_201' title='bbox 619 3522 672 3560; x_wconf 91' lang='lat' dir='ltr'>non</span> <span class='ocrx_word' id='word_1_202' title='bbox 684 3507 893 3560; x_wconf 88' lang='lat' dir='ltr'>contemnendae</span> <span class='ocrx_word' id='word_1_203' title='bbox 906 3513 969 3559; x_wconf 85' lang='lat' dir='ltr'>sunt</span> <span class='ocrx_word' id='word_1_204' title='bbox 983 3513 1064 3576; x_wconf 84' lang='lat' dir='ltr'>atque</span> <span class='ocrx_word' id='word_1_205' title='bbox 1078 3506 1127 3560; x_wconf 85' lang='lat' dir='ltr'>has</span> <span class='ocrx_word' id='word_1_206' title='bbox 1138 3506 1322 3575; x_wconf 85' lang='lat' dir='ltr'>proferemus:</span> 
     </span>
    </p>
   </div>
   <div class='ocr_carea' id='block_1_6' title="bbox 397 3602 1041 4197">
    <p class='ocr_par' dir='ltr' id='par_1_8' title="bbox 624 3602 872 3659">
     <span class='ocr_line' id='line_1_28' title="bbox 624 3602 872 3659; baseline -0.008 -1"><span class='ocrx_word' id='word_1_207' title='bbox 624 3604 755 3659; x_wconf 80' lang='lat' dir='ltr'>Hercules</span> <span class='ocrx_word' id='word_1_208' title='bbox 767 3602 872 3657; x_wconf 84' lang='lat' dir='ltr'>OEteus.</span> 
     </span>
    </p>

    <p class='ocr_par' dir='ltr' id='par_1_9' title="bbox 397 3693 1041 3941">
     <span class='ocr_line' id='line_1_29' title="bbox 397 3693 1041 3765; baseline -0.005 -15"><span class='ocrx_word' id='word_1_209' title='bbox 397 3695 517 3750; x_wconf 86' lang='lat' dir='ltr'>Certavit</span> <span class='ocrx_word' id='word_1_210' title='bbox 531 3711 635 3750; x_wconf 90' lang='lat' dir='ltr'>mecum</span> <span class='ocrx_word' id='word_1_211' title='bbox 649 3693 743 3748; x_wconf 85' lang='lat' dir='ltr'>Virtus</span> <span class='ocrx_word' id='word_1_212' title='bbox 757 3700 937 3765; x_wconf 86' lang='lat' dir='ltr'>superataque</span> <span class='ocrx_word' id='word_1_213' title='bbox 951 3695 1041 3760; x_wconf 86' lang='lat' dir='ltr'>cessit,</span> 
     </span>
     <span class='ocr_line' id='line_1_30' title="bbox 468 3775 972 3830; baseline -0.006 0"><span class='ocrx_word' id='word_1_214' title='bbox 468 3777 525 3830; x_wconf 84' lang='lat' dir='ltr'>Hac</span> <span class='ocrx_word' id='word_1_215' title='bbox 538 3775 610 3829; x_wconf 82' lang='lat' dir='ltr'>volui</span> <span class='ocrx_word' id='word_1_216' title='bbox 621 3775 690 3829; x_wconf 80' lang='lat' dir='ltr'>victa</span> <span class='ocrx_word' id='word_1_217' title='bbox 704 3776 790 3828; x_wconf 86' lang='lat' dir='ltr'>victor</span> <span class='ocrx_word' id='word_1_218' title='bbox 799 3779 826 3828; x_wconf 89' lang='lat' dir='ltr'>et</span> <span class='ocrx_word' id='word_1_219' title='bbox 837 3790 897 3828; x_wconf 82' lang='lat' dir='ltr'>esse</span> <span class='ocrx_word' id='word_1_220' title='bbox 910 3775 972 3828; x_wconf 87' lang='lat' dir='ltr'>mei.</span> 
     </span>
     <span class='ocr_line' id='line_1_31' title="bbox 635 3873 808 3941; baseline 0 -14"><span class='ocrx_word' id='word_1_221' title='bbox 635 3873 808 3941; x_wconf 83' lang='lat' dir='ltr'>Pithagoraa.</span> 
     </span>
    </p>

    <p class='ocr_par' dir='ltr' id='par_1_10' title="bbox 465 3962 999 4197">
     <span class='ocr_line' id='line_1_32' title="bbox 466 3962 988 4033; baseline -0.006 -14"><span class='ocrx_word' id='word_1_222' title='bbox 466 3964 586 4019; x_wconf 84' lang='lat' dir='ltr'>Laudent</span> <span class='ocrx_word' id='word_1_223' title='bbox 599 3963 681 4017; x_wconf 85' lang='lat' dir='ltr'>vitam</span> <span class='ocrx_word' id='word_1_224' title='bbox 694 3962 740 4015; x_wconf 86' lang='lat' dir='ltr'>alii</span> <span class='ocrx_word' id='word_1_225' title='bbox 754 3978 830 4016; x_wconf 87' lang='lat' dir='ltr'>suam</span> <span class='ocrx_word' id='word_1_226' title='bbox 844 3962 988 4033; x_wconf 86' lang='lat' dir='ltr'>loquendo,</span> 
     </span>
     <span class='ocr_line' id='line_1_33' title="bbox 465 4043 999 4115; baseline -0.004 -16"><span class='ocrx_word' id='word_1_227' title='bbox 465 4045 600 4099; x_wconf 88' lang='lat' dir='ltr'>Virtutem</span> <span class='ocrx_word' id='word_1_228' title='bbox 611 4045 668 4115; x_wconf 85' lang='lat' dir='ltr'>ipse</span> <span class='ocrx_word' id='word_1_229' title='bbox 681 4059 769 4097; x_wconf 86' lang='lat' dir='ltr'>meum</span> <span class='ocrx_word' id='word_1_230' title='bbox 780 4044 865 4114; x_wconf 87' lang='lat' dir='ltr'>probo</span> <span class='ocrx_word' id='word_1_231' title='bbox 878 4043 999 4098; x_wconf 86' lang='lat' dir='ltr'>tacendo.</span> 
     </span>
     <span class='ocr_line' id='line_1_34' title="bbox 634 4143 815 4197; baseline 0 -3"><span class='ocrx_word' id='word_1_232' title='bbox 634 4143 815 4197; x_wconf 80' lang='lat' dir='ltr'>Democritus.</span> 
     </span>
    </p>
   </div>
   <div class='ocr_carea' id='block_1_7' title="bbox 394 4231 1089 4382">
    <p class='ocr_par' dir='ltr' id='par_1_11' title="bbox 394 4231 1089 4382">
     <span class='ocr_line' id='line_1_35' title="bbox 394 4231 1089 4301; baseline -0.006 -13"><span class='ocrx_word' id='word_1_233' title='bbox 394 4233 490 4289; x_wconf 85' lang='lat' dir='ltr'>Omnia</span> <span class='ocrx_word' id='word_1_234' title='bbox 504 4232 674 4288; x_wconf 87' lang='lat' dir='ltr'>Democritus</span> <span class='ocrx_word' id='word_1_235' title='bbox 686 4231 800 4295; x_wconf 90' lang='lat' dir='ltr'>ridebat,</span> <span class='ocrx_word' id='word_1_236' title='bbox 817 4237 846 4285; x_wconf 92' lang='lat' dir='ltr'>tu</span> <span class='ocrx_word' id='word_1_237' title='bbox 860 4247 979 4301; x_wconf 89' lang='lat' dir='ltr'>quoque,</span> <span class='ocrx_word' id='word_1_238' title='bbox 994 4231 1089 4297; x_wconf 86' lang='lat' dir='ltr'>lector,</span> 
     </span>
     <span class='ocr_line' id='line_1_36' title="bbox 465 4311 1002 4382; baseline -0.004 -14"><span class='ocrx_word' id='word_1_239' title='bbox 465 4314 611 4370; x_wconf 86' lang='lat' dir='ltr'>Democriti</span> <span class='ocrx_word' id='word_1_240' title='bbox 624 4313 694 4378; x_wconf 89' lang='lat' dir='ltr'>ride,</span> <span class='ocrx_word' id='word_1_241' title='bbox 710 4313 733 4365; x_wconf 86' lang='lat' dir='ltr'>si</span> <span class='ocrx_word' id='word_1_242' title='bbox 746 4312 847 4382; x_wconf 84' lang='lat' dir='ltr'>sapias,</span> <span class='ocrx_word' id='word_1_243' title='bbox 858 4311 1002 4367; x_wconf 88' lang='lat' dir='ltr'>tumulum.</span> 
     </span>
    </p>
   </div>
   <div class='ocr_carea' id='block_1_8' title="bbox 0 0 1566 4988">
    <p class='ocr_par' dir='ltr' id='par_1_12' title="bbox 0 0 1566 4988">
     <span class='ocr_line' id='line_1_37' title="bbox 0 0 1566 4988; baseline 0 1"><span class='ocrx_word' id='word_1_244' title='bbox 0 0 1566 4988; x_wconf 95' lang='lat' dir='ltr'> </span> 
     </span>
    </p>
   </div>
  </div>
 </body>
</html>
