3116 4978
257 382 288 432 12
490 382 537 432 ΒΕ
553 380 731 432 THEODORI
749 379 860 432 ΒΕΖΑΕ
877 379 1144 433 ADULESCENTlA

307 501 458 574 Veneliis
472 500 581 594 igitur
594 510 694 572 natus
709 499 796 572 est¹.
815 525 833 570 a
848 499 951 572 Anno
971 499 1110 572 Domini
1124 501 1231 590 1519,
1250 501 1304 574 die
1314 502 1375 575 21.

262 644 280 689 ((
308 615 411 706 lunii,
433 618 529 689 loan.
549 616 724 712 Baptistae
743 615 916 688 natalibus
928 638 1040 705 sacro,
1061 616 1224 706 Vezeliis,
1242 626 1378 691 vetusto

262 760 280 805 ((
303 733 506 806 Heduorum
535 729 671 826 oppido,
690 730 819 824 placuit
838 731 911 803 Deo
926 732 1006 826 Opt.
1025 732 1180 805 Maximo
1202 744 1239 806 ut
1257 733 1379 806 mundi

260 874 279 921 ((
298 850 410 922 lucem
422 848 573 942 primhm
583 847 789 941 aspicerem,
800 848 842 919 P.
854 847 874 920 d
886 849 978 920 Besa
988 849 1063 920 eius
1073 848 1189 944 oppidi
1200 848 1377 944 praefecto

260 991 278 1039 ((
296 976 330 1038 et
344 966 457 1037 Maria
469 962 670 1036 Burdelotia
680 959 707 1052 ²,
721 972 879 1060 utroque,
898 964 961 1036 Dei
972 965 1099 1056 gratia,
1112 989 1243 1058 genere
1254 966 1378 1056 nobili,

262 1106 281 1152 ((
302 1081 449 1174 (utinam
462 1081 547 1151 vero
566 1079 760 1173 potiusveri
776 1080 841 1152 Dei
857 1079 1057 1174 cognitione
1075 1078 1225 1177 imbuto)
1241 1091 1275 1153 et
1286 1081 1381 1154 inte-

263 1219 282 1266 «
302 1219 388 1290 grae
402 1195 518 1268 famae
532 1201 675 1290 parente
691 1204 804 1284 natus,
822 1202 855 1267 et
869 1196 905 1266 in
915 1202 1061 1290 paterna
1076 1194 1177 1267 domo
1194 1198 1381 1269 tenerrime

264 1337 283 1383 ((
301 1313 514 1385 educatus»
914 1313 916 1318 ’

213 1411 216 1416 “
310 1426 379 1500 Sed
398 1435 508 1499 mater
521 1450 670 1522 puerum
692 1426 908 1522 amplexibus
923 1437 957 1499 et
976 1428 1109 1521 gremio
1125 1451 1193 1500 non
1209 1429 1267 1500 diu
1281 1428 1378 1503 lovit.

265 1570 284 1615 ((
310 1544 396 1618 Erat
418 1543 504 1614 mihi
526 1567 587 1638 per
610 1542 646 1614 id
675 1552 811 1637 tempus
839 1552 982 1639 patruus
1005 1543 1210 1616 Nicolausd
1237 1545 1327 1618 Beza
1346 1547 1383 1617 in

266 1686 285 1733 ((
312 1669 468 1734 senatum
486 1659 727 1732 Parisiensem
745 1660 902 1749 allectus
929 1658 1066 1731 caelebs
1077 1659 1215 1755 quidem
1229 1659 1304 1748 ille,
1322 1662 1384 1734 sed

267 1805 285 1850 ((
310 1777 367 1873 qui
381 1775 499 1849 fratris
510 1775 575 1866 sui,
594 1775 629 1846 id
648 1785 699 1847 est
714 1776 784 1847 mei
797 1776 950 1869 parentis
961 1774 1053 1845 tilios
1065 1775 1114 1847 ita
1129 1775 1254 1848 charos
1268 1777 1378 1851 habe·

266 1921 284 1968 ((
313 1901 378 1983 ret,
405 1901 443 1968 ut
460 1915 581 1966 omnes
603 1893 720 1964 statim
739 1891 878 1962 domum
894 1914 992 1964 suam
1020 1902 1162 1985 cuperet
1182 1892 1381 1982 translatos,

263 2162 347 2214 ouius
361 2158 495 2227 franceis
508 2157 542 2210 de
557 2155 586 2208 la
600 2151 817 2223 Reformatmm
834 2154 921 2228 18813
937 2163 964 2212 et
983 2165 1045 2212 ante
1063 2159 1162 2224 omnia,
1178 2157 1274 2214 J.·W.
1289 2159 1384 2230 Reum,

269 2240 398 2294 Theodor
416 2239 494 2290 Bcza
509 2235 584 2289 nach
603 2233 931 2303 Hondscbrtftlichen...
958 2236 1172 2307 Leipsig,1843.

301 2324 310 2356 ²
336 2319 501 2374 Tractiones
519 2315 710 2384 theoloqicaoe
724 2314 843 2385 Epistola
862 2317 895 2370 ad
906 2314 1082 2372 Melchiorem
1097 2316 1290 2373 Wolmarium.

298 2409 310 2444 2
331 2400 456 2454 Proiecto
480 2398 556 2451 nobis
570 2394 748 2470 mirarilicet
771 2398 845 2465 quod,
866 2397 1030 2467 epitaphium
1049 2398 1144 2452 matris
1158 2400 1227 2453 Beza
1250 2401 1279 2452 in
1297 2397 1387 2469 prima

266 2481 380 2538 editione
394 2479 552 2534 Poematum
564 2491 617 2529 non
626 2473 776 2530 collocavit.

550 2581 652 2638 Mariae
666 2581 845 2648 Burdelottae‚

553 2663 636 2718 Matri
648 2661 828 2717 dulcissimae.

483 2762 601 2817 Vixdum
615 2761 706 2813 vivere
725 2775 866 2829 coeperam
881 2759 996 2831 puellus,

481 2845 580 2909 Mater,
597 2841 688 2894 vivere
705 2841 810 2914 quando
822 2841 947 2895 desiisti:

481 2924 520 2980 Ut
533 2929 561 2977 te
579 2922 625 2974 vix
639 2935 690 2990 ego
702 2921 818 2974 dixerim
829 2927 977 2990 parentem,

482 3004 536 3058 Vix
551 3010 579 3058 tu
593 3018 636 3056 me
654 3014 761 3071 quoque
772 2998 858 3053 filium
868 3001 982 3054 vocaris.

483 3085 551 3138 Hinc
561 3082 655 3136 lustris
669 3081 717 3133 tibi
731 3079 851 3150 quinque
861 3083 918 3151 jam
932 3081 1051 3151 sepulcri

483 3165 539 3220 Sub
553 3164 604 3217 hoc
622 3161 740 3232 pondere
756 3161 848 3230 frigidi
861 3163 989 3230 peractis,

484 3246 562 3299 Nunc
576 3239 694 3314 primirm
709 3242 844 3295 Aonidum
858 3244 950 3297 t'avore
968 3243 1062 3314 fretus,

484 3327 544 3380 Heu
558 3329 655 3388 mater,
672 3322 776 3376 cineres
790 3330 850 3376 tuos
864 3321 959 3376 saluto.

485 3406 563 3462 Felix
572 3404 608 3458 ah
618 3404 730 3457 nimium
739 3403 846 3456 futurus
859 3402 933 3472 olim,

485 3488 514 3542 Si
533 3492 609 3539 natus
619 3481 698 3538 citius
711 3485 796 3538 forem
814 3483 855 3537 vel
870 3485 936 3554 ipse,

486 3567 536 3624 Vel
550 3574 579 3621 tu
592 3572 697 3620 mortua
709 3566 795 3619 serius
804 3565 901 3618 fuisses
915 3564 922 3618 l

309 3681 368 3735 Non
385 3682 472 3733 minus
489 3676 640 3730 mirandum
655 3679 696 3727 est
709 3673 779 3743 quod
789 3673 918 3743 epitaphii
937 3673 1039 3727 sororis
1049 3674 1151 3743 primos
1163 3689 1260 3728 versus
1279 3673 1393 3742 sumpsit

274 3759 456 3830 ab'epitaphio
471 3757 540 3828 quod
556 3758 614 3826 jam
628 3754 661 3808 de
676 3753 823 3823 Pomponio
840 3753 868 3805 in
879 3754 966 3822 prima
980 3753 1095 3808 editione
1109 3753 1240 3808 ediderat.

560 3861 761 3931 Magdalenaea
772 3862 841 3916 Beaa

489 3945 583 4000 Sorori
597 3944 772 3997 charissimae
786 3949 812 3997 et
823 3941 930 3997 mulieri
942 3941 1111 3998 lectissimae.

561 4042 635 4097 Eheu
649 4041 865 4114 hendecasyllabi
885 4039 992 4107 miselli,

563 4123 617 4177 Vos
633 4121 763 4196 (inquam)
774 4121 943 4177 miserabiles
956 4121 1089 4191 phaleuci,

561 4203 617 4257 Vos
636 4202 704 4257 eheu
717 4204 823 4257 numeri
835 4203 1001 4269 severiores,

560 4284 697 4348 Quaeso...
766 4292 769 4296 ’
