3116 4978
669 372 714 423 Du
728 370 851 422 SYLVIS
1290 369 1322 420 45

190 543 292 616 quem
308 521 449 592 omnino
463 520 713 615 praetermisit,
729 543 807 591 eum
822 521 1036 612 vituperatus
1051 541 1173 591 severa
1183 519 1316 591 Natha-

192 635 724 731 nisadmonitionegraviterque
737 635 897 723 affectae,
912 635 1127 730 quantumin
1140 643 1318 730 peccatum

189 751 350 824 inciderit
369 751 434 823 sibi
454 752 612 823 conscius
638 762 704 842 est,
727 761 830 846 atque
853 773 1011 823 maerore
1036 762 1069 822 et
1093 751 1210 822 dolore
1234 775 1317 845 per-

191 868 303 940 victus
318 868 494 939 insaniam
515 877 549 940 et
564 891 721 940 errorem
739 891 839 940 suum
855 867 1025 963 deplorat.
1044 869 1160 953 Quare
1175 890 1319 939 necesse

192 993 244 1055 est
258 983 353 1056 illam
368 984 512 1078 Sylvam
532 1007 634 1081 quam
650 985 777 1055 Beuam
798 993 831 1055 et
849 985 979 1055 amicos
999 994 1032 1054 et
1050 984 1221 1076 imprimis
1241 1007 1319 1055 ma-

192 1100 341 1193 gistrum
355 1099 592 1172 Wolmarium
607 1101 795 1171 admiratos
809 1122 885 1172 esse
896 1111 929 1172 et
942 1101 1067 1171 ceteris
1084 1100 1201 1196 Sylvis
1214 1122 1321 1192 prae-

193 1215 312 1287 tulisse
323 1226 594 1288 consentaneum
605 1226 671 1307 est,
685 1216 1066 1311 quippequaereliquis
1089 1216 1318 1312 amplitudine

193 1342 387 1426 praestaret
412 1343 445 1405 et
466 1333 636 1428 quaedam
665 1333 764 1426 quasi
789 1334 876 1426 epici
910 1334 1076 1404 carminis
1104 1356 1186 1427 pars
1214 1342 1317 1421 esset,

192 1447 292 1519 nobis
311 1457 432 1520 contra
458 1449 571 1543 magis
590 1449 695 1521 etiarn
721 1448 869 1521 debilem
895 1458 929 1520 et
957 1449 1131 1520 infirmam
1156 1449 1269 1520 videri
1288 1460 1322 1521 et

187 1563 352 1658 judicari.
379 1563 505 1660 Epiocs
527 1573 645 1659 poetas
666 1587 793 1658 eosque
819 1587 975 1659 paganos
1000 1565 1131 1636 imitari
1155 1565 1262 1636 voluit
1285 1567 1322 1636 in

193 1687 403 1772 argumento
421 1680 613 1752 christiano
633 1680 723 1774 quod
742 1671 884 1751 minime
898 1679 991 1751 hanc
1005 1681 1234 1752 imitationem
1255 1684 1322 1752 ad-

196 1796 488 1890 mitterepoterat,
505 1797 651 1892 ideoque
665 1804 912 1888 argumentum
927 1797 1086 1867 vitiatum
1097 1806 1161 1885 est,
1180 1821 1222 1868 ex
1238 1820 1319 1891 que,

196 1910 227 1981 si
246 1910 450 2007 simpliciter
475 1921 509 1983 et
533 1936 620 2007 pure
646 1921 833 1984 tractatum
859 1922 964 1999 esset,
988 1912 1261 2006 pulcherrimum
1289 1924 1323 1984 et

197 2025 439 2099 admirandum
454 2049 577 2123 poema
592 2029 796 2102 exstitisset.
812 2027 929 2112 Quare
949 2052 1012 2099 nos
1026 2029 1083 2123 qui
1100 2051 1213 2124 neque
1228 2031 1323 2099 ami-

197 2165 329 2232 corum,
352 2166 464 2240 neque
477 2145 652 2238 magistri,
669 2167 780 2239 neque
802 2145 1054 2216 admiratorum
1073 2157 1190 2238 partes
1208 2146 1320 2216 susti-

198 2281 332 2354 nemus,
354 2265 507 2332 exomni
526 2260 585 2332 illa
605 2261 712 2352 longa
730 2261 963 2354 disputatione
984 2269 1117 2354 oportet
1139 2262 1324 2333 concluda-

198 2397 276 2446 mus
295 2376 420 2448 Bezam
444 2376 647 2468 diligentem
671 2386 706 2448 et
728 2377 896 2448 intentum
921 2387 955 2448 et
979 2376 1079 2448 valde
1103 2377 1321 2472 probabilem

197 2488 306 2562 fuisse
319 2490 541 2586 discipulum,
563 2492 625 2564 sed
648 2492 856 2564 mediocrem
874 2501 1022 2586 poetam,
1045 2493 1102 2564 vel
1124 2495 1236 2586 potius
1261 2494 1324 2564 mi-

199 2607 283 2678 nimi
305 2607 420 2702 pretii.
446 2610 500 2682 Ne
524 2609 635 2702 plura,
663 2632 784 2681 omnes
806 2609 918 2680 Bezae
941 2609 1066 2703 Sylvae
1090 2609 1219 2702 dignae
1242 2611 1325 2682 mihi

199 2721 361 2794 videntur
375 2746 465 2820 quae
477 2735 621 2797 aeterna
640 2724 814 2796 oblivione
832 2725 1024 2798 condantur
1044 2737 1077 2797 et
1098 2726 1321 2820 sepeliantur,

201 2861 280 2910 curn
295 2839 383 2910 nihil
398 2841 464 2912 nisi
479 2841 731 2934 pervulgatum
752 2850 785 2912 et
804 2841 986 2934 pertritum
998 2849 1190 2934 praestent.

344 3087 459 3153 Ducere,
473 3104 554 3159 quem
568 3088 602 3143 ad
615 3104 729 3160 poenam
742 3094 855 3159 poscunt
869 3104 919 3158 pro
934 3088 1096 3142 immanibus
1110 3088 1183 3142 ausis

327 3164 569 3225 ·Griminal.......

339 3245 381 3301 Tu
395 3249 474 3301 modo
487 3249 564 3305 flecte
575 3251 659 3304 Deum
673 3249 814 3320 lacrymis.
831 3251 875 3304 Sic
889 3249 936 3304 ille
950 3258 1044 3304 tonare

345 3325 400 3381 Vix
417 3329 486 3384 bene
498 3331 624 3396 desierat,
640 3347 723 3401 quum
735 3337 790 3385 toto
805 3331 934 3402 expalluit
947 3346 995 3384 ore

345 3408 440 3474 David,
451 3414 479 3463 et
490 3413 620 3466 attonitus
633 3413 678 3464 vix
692 3413 800 3466 tandem
810 3428 874 3466 voce
886 3417 1005 3481 recepta,

347 3488 472 3555 Peccari,
487 3491 591 3556 infelix,
606 3492 702 3561 inquit.
718 3492 864 3562 Necplura
874 3490 1002 3562 loquutus

346 3567 473 3624 Protinus
486 3586 502 3625 o
516 3571 582 3625 solio
594 3572 677 3625 miser
690 3572 767 3627 exilit
779 3578 806 3626 et
821 3589 869 3626 sua
884 3572 984 3643 pugnis

346 3647 461 3704 Pectora
473 3668 534 3706 cum
547 3653 650 3722 gemitu
664 3651 834 3724 plangens...

346 3729 420 3797 Ergo
432 3730 515 3786 miser
529 3749 600 3787 nunc
618 3733 719 3787 invisos
733 3740 840 3788 accusat
853 3749 969 3801 amores,

346 3808 424 3864 Nune
434 3813 526 3881 jussae
535 3814 657 3867 meminit
666 3815 755 3868 caedis
770 3816 926 3884 crimenque
940 3815 1039 3867 fatetur

348 3889 475 3946 Conscius
486 3898 513 3948 et
527 3909 619 3948 casum
633 3894 746 3948 insontis
760 3893 883 3964 deplorat
898 3895 988 3948 amici.

348 3969 435 4026 Multa
448 3979 563 4028 estante
577 3974 669 4029 oculos
682 3975 809 4028 Bersabe.

586 4179 962 4198 Q
