3116 4978
666 1038 781 1112 Plus
810 1039 981 1112 Tllllllrl

714 1279 764 1338 DE
786 1279 934 1340 Eleous

312 1592 417 1664 Nunc
440 1594 523 1664 satis
546 1590 740 1680 manifesto
764 1593 901 1686 opinor,
927 1602 1081 1686 apparet,
1101 1592 1239 1664 nihilin
1256 1593 1380 1689 Sylois

262 1709 404 1806 quidem
418 1708 591 1781 laudabile
606 1707 662 1782 vel
677 1708 952 1781 commendabile
966 1731 1057 1799 esse,
1075 1709 1165 1780 nihil
1179 1711 1289 1781 Bezae
1303 1733 1380 1804 pro·

262 1825 375 1918 prium
398 1831 434 1896 et
457 1824 629 1918 peculiare
653 1825 720 1896 nisi
746 1846 835 1920 quae
853 1823 976 1897 vitiosa
999 1834 1080 1896 sunt
1102 1834 1161 1896 aut
1184 1826 1301 1920 inepta
1321 1835 1379 1897 aut

263 1940 441 2034 vulgaria3
459 1941 493 2012 in
514 1940 658 2034 Elepr't‘s
673 1963 757 2012 vero
777 1940 875 2012 facile
894 1940 962 2012 erit
980 1940 1158 2012 declarare
1179 1964 1248 2012 non
1264 1963 1379 2034 praes-

262 2057 447 2129 tantiorem
476 2067 609 2152 poetam
634 2057 760 2129 Bonam
787 2055 896 2130 fuisse
922 2080 1035 2152 neque
1057 2055 1257 2151 digniorem
1285 2059 1380 2152 cujus

262 2195 397 2263 versus,
413 2174 469 2246 vel
487 2174 613 2268 potius,
632 2183 669 2244 ut
686 2172 779 2245 illius
794 2174 911 2267 putido
925 2195 1057 2266 genere
1075 2173 1211 2246 dicendi
1230 2185 1376 2263 utamur,

263 2289 419 2384 planctus
437 2299 471 2361 et
486 2289 585 2361 fletus
600 2300 634 2362 et
651 2290 892 2383 gemebundae
910 2289 1073 2386 querelae
1092 2292 1256 2362 attentius
1270 2291 1379 2363 consi-

263 2405 444 2477 derentur.
645 2483 648 2490 ι

310 2522 363 2594 Ac
382 2520 533 2618 primum
545 2521 635 2593 illud
654 2523 840 2594 notandum
854 2531 918 2610 est,
940 2545 959 2594 e
977 2521 1157 2594 duodecim
1171 2546 1256 2618 quas
1271 2526 1380 2620 scrip-

262 2640 306 2712 sit
318 2637 628 2734 elegiis,quasdam
641 2640 795 2710 numeris
809 2646 943 2711 tanturn
957 2647 991 2710 et
1010 2639 1168 2712 versibus
1184 2639 1377 2734 elegiarum

262 2753 387 2827 indolis
405 2776 483 2828 esse
498 2753 684 2850 participes
698 2762 924 2851 nostrumque
943 2755 978 2826 in
997 2754 1047 2828 eis
1063 2778 1132 2827 non
1150 2779 1287 2830 amores
1299 2780 1380 2830 suos

261 2871 444 2962 cecinisse,
465 2879 642 2966 poetarum
661 2871 883 2965 antiquorum
907 2895 1004 2942 more
1026 2871 1086 2966 qui
1100 2873 1278 2966 praeclare
1293 2873 1380 2945 illud

261 3009 374 3080 genus
388 2994 637 3074 tractaverunt,
653 2995 713 3059 aut
729 3009 903 3058 maerores
917 3010 1004 3083 quos
1019 3011 1157 3082 semper
1176 3012 1293 3062 secum
1306 2999 1381 3062 tra-

262 3103 347 3175 here
364 3101 690 3196 Amoremfingunt‚
703 3102 763 3174 sed
778 3111 902 3175 contra
912 3102 1015 3176 valde
1026 3105 1259 3201 discrepantia
1273 3129 1382 3200 argu·

262 3229 379 3292 menta
388 3219 628 3315 explicavisse.
642 3218 767 3311 Elegia
783 3217 875 3290 enim
885 3220 1048 3312 secunda,
1063 3227 1099 3294 ut
1109 3221 1175 3294 hoc
1186 3223 1380 3318 exemplum

263 3335 426 3425 afferam,
446 3334 515 3406 nisi
536 3333 626 3430 quod
647 3331 916 3426 elegisversibus
934 3335 1068 3431 scripta
1083 3347 1148 3426 est,
1170 3338 1266 3410 nullo
1281 3338 1380 3411 modo

263 3473 283 3522 a
307 3451 417 3546 sylvis
436 3449 575 3542 differt3
601 3450 638 3521 in
660 3450 734 3522 loco
758 3452 931 3522 communi
954 3463 986 3524 et
1007 3454 1154 3547 pertrito
1177 3456 1384 3553 saepiusque

264 3575 428 3660 usurpato
446 3575 623 3656 versatur,
636 3589 724 3662 quae
749 3567 1023 3640 mediocritatem
1040 3568 1170 3664 laudet,
1200 3571 1261 3642 sed
1279 3596 1383 3669 quam

262 3683 390 3777 frigide
401 3691 436 3756 et
445 3681 643 3768 insulse,ex
654 3682 720 3754 hoc
733 3684 826 3754 brevi
839 3684 1086 3756 commentario
1094 3684 1244 3780 judicari
1255 3697 1380 3783 potest.

263 3802 487 3873 Demonstrat
510 3799 617 3891 igitur
644 3797 687 3870 ab
712 3798 954 3894 antiquissima
982 3825 1001 3870 «
1016 3810 1222 3875 vetustate»
1248 3827 1385 3899 semper

264 3917 438 3989 laudatam
449 3937 526 3987 esse
536 3913 809 3986 mediocritatem
822 3939 831 4005 3
848 3916 1115 3989 virtutemenim
1129 3919 1166 3990 in
1180 3920 1293 3993 medio
1306 3945 1382 3994 esse

263 4035 422 4129 positam,
440 4031 482 4103 de
505 4053 573 4126 quo
599 4031 629 4101 si
646 4031 883 4103 tantummodo
908 4033 1090 4106 deflexeris
1113 4034 1169 4108 vel
1189 4036 1311 4110 dextra
1326 4038 1384 4110 vel

264 4150 418 4238 sinistra,
442 4147 659 4220 deerraveris
688 4147 921 4242 ceciderisque
938 4149 1060 4242 brevi;
1080 4175 1184 4247 quarn
1200 4154 1383 4226 veritatem

264 4309 310 4320 -
331 4290 456 4340 novam
481 4276 574 4338 certe
598 4275 631 4338 et
654 4264 846 4338 inauditam
868 4270 1052 4341 veritatem
1070 4309 1118 4325 -
1137 4271 1381 4345 innumerabi-
