3124 4988
655 429 701 479 DE
718 429 987 482 EPIGRAMMA'I'IS

479 573 538 634 Seu
559 575 638 635 domi
654 576 740 653 mihi,
758 595 810 636 seu
824 577 898 636 foris
911 581 1060 654 repertus,

479 664 627 725 Promissi
639 666 747 726 etfldoi
763 668 861 740 datae,
877 667 1060 739 admoneris,

475 754 519 814 Tu
535 762 642 815 contra
656 757 741 816 velut
753 757 916 815 admodum
931 762 1106 834 occupatus,

478 844 541 903 Has
556 843 629 905 lacis
641 846 729 905 nihili
745 847 917 922 petitiones,

477 934 537 993 Sed
555 934 661 994 horam
681 941 780 994 tamen
797 935 894 1012 inquis
910 935 1093 1010 adfuturam,

476 1021 541 1087 Qua
557 1041 605 1083 me
620 1043 658 1084 ex
678 1042 810 1100 paupere
826 1025 950 1082 divitem
964 1031 993 1084 et
1008 1027 1129 1088 beatum

479 1112 614 1175 Reddas.
625 1115 669 1172 idn
685 1113 783 1188 igitur
797 1113 855 1171 tibi
867 1114 932 1189 ipse
951 1115 1027 1174 dono

476 1201 575 1260 Horas
591 1203 670 1276 quod
684 1203 740 1260 tibi
757 1202 907 1261 nuntiabit
922 1221 1037 1266 omnes.

475 1289 610 1350 Tandem
626 1310 714 1366 nunc,
731 1291 831 1362 Asini,
847 1299 932 1367 potes
948 1295 1059 1369 jubere

475 1380 558 1438 Haec
572 1388 605 1438 ut
619 1382 693 1440 hora
707 1387 792 1440 sonet
806 1381 858 1440 din
875 1383 1017 1459 expetita.

303 1595 387 1664 ltem
406 1595 480 1667 sine
494 1593 565 1666 ulla
580 1594 793 1666 dubitatione
803 1597 973 1689 parasitos
987 1597 1153 1693 quosdam
1168 1608 1380 1690 cognoverat

254 1711 368 1780 ventri
388 1719 422 1782 et
441 1710 545 1804 gulae
567 1711 701 1782 deditos
722 1713 778 1805 qui
794 1719 998 1804 paterentur
1019 1713 1168 1785 libenter
1180 1737 1216 1784 se
1235 1714 1278 1784 ad
1291 1737 1376 1784 cae-

253 1847 334 1896 nam
349 1825 465 1922 aliquo
480 1827 596 1899 vocari
603 1883 611 1917 ,
635 1827 738 1898 iidem
754 1827 866 1921 jejuni
881 1827 1104 1900 sobrietatem
1123 1829 1319 1919 laudarent,
1341 1831 1375 1899 in

252 1941 332 2012 vino
343 1943 516 2014 diversam
530 1943 729 2036 opinionem
741 1941 948 2035 proferrent.
966 1945 1089 2016 Testes
1102 1954 1182 2015 sunt
1195 1944 1275 2016 illae
1290 1946 1377 2017 duae

251 2066 371 2129 acutae
392 2057 538 2130 facetiae
570 2084 588 2129 «
605 2060 642 2130 in
666 2059 822 2153 Lupum¹
839 2083 857 2128 n
887 2068 921 2130 et
943 2085 961 2131 <‹
978 2061 1016 2131 in
1038 2059 1247 2134 Paulinum²
1266 2087 1300 2132 u.
1327 2103 1376 2114 -

252 2177 356 2262 Beza,
373 2182 410 2245 ut
429 2174 549 2246 multis
568 2174 852 2247 adulescentibus
879 2185 932 2247 est
951 2201 1038 2267 mos,
1063 2179 1236 2250 interdum
1261 2203 1376 2250 mores

251 2292 431 2364 hominum
445 2313 571 2385 regere
582 2288 655 2362 vult
671 2300 704 2363 et
722 2301 902 2386 praecepta
915 2292 960 2363 ad
975 2293 1063 2364 bone
1078 2293 1245 2389 beateque
1254 2295 1375 2365 viven-

251 2408 332 2482 dum
347 2407 445 2479 nobis
464 2407 589 2499 tradit;
608 2408 726 2478 mirari
740 2409 843 2479 etiam
858 2407 958 2480 facile
974 2409 1073 2500 solet,
1091 2419 1128 2480 ut
1140 2419 1235 2503 patet
1254 2434 1372 2483 ecar-

250 2525 402 2596 minibus
424 2525 490 2594 uin
504 2521 740 2595 Caecilium³»
763 2533 797 2595 et
814 2550 832 2594 n
845 2526 881 2595 in
902 2525 1128 2618 Bergedum⁴
1142 2550 1176 2597 n.
1199 2527 1246 2598 At
1262 2551 1372 2620 quae-

151 2730 153 2737 ·
250 2643 329 2715 dam
344 2643 608 2736 epigrammata,
635 2642 725 2736 quod
747 2641 848 2734 paulo
871 2641 1026 2714 acutiora
1047 2650 1126 2713 sunt
1149 2651 1182 2715 et
1202 2644 1369 2734 tristiora,

249 2783 313 2831 nos
328 2759 442 2850 magis
451 2759 579 2852 juvant
597 2779 638 2828 ac
656 2755 841 2828 delectant.
860 2759 950 2828 Nam
969 2759 1062 2830 baud
1080 2759 1284 2852 ignoramus
1303 2761 1372 2831 Beu

247 2899 322 2947 zam
336 2874 478 2946 minime
487 2873 580 2967 juris
601 2873 763 2944 scientiae
778 2873 972 2945 studiosum
987 2872 1093 2946 fuisse
1108 2885 1211 2970 atque
1230 2875 1273 2947 ob
1293 2899 1370 2948 eam

247 3014 386 3065 causam
405 2989 597 3070 discordias
615 2989 787 3060 exstitisse
806 2992 897 3061 inter
917 3014 996 3062 eum
1021 3001 1054 3063 et
1067 3003 1200 3085 patrem
1218 3017 1225 3062 :
1243 2992 1370 3063 harum

247 3107 482 3179 molestiarum
504 3128 647 3176 suarum
668 3129 731 3176 uos
753 3107 936 3200 participes
963 3106 1096 3180 fecitin
1119 3109 1369 3202 epigrammate

249 3249 268 3294 c<
279 3224 316 3294 in
328 3224 409 3294 Fori
422 3220 590 3315 mancipia
603 3247 635 3293 r.
654 3221 746 3292 Ante
758 3221 873 3293 oculos
883 3222 1007 3295 habuit
1019 3224 1178 3294 homines
1193 3234 1228 3294 et
1242 3224 1367 3298 stultos

247 3352 281 3414 et
299 3341 433 3433 ineptos
448 3347 481 3409 et
496 3336 705 3409 deridendos
719 3360 726 3425 3
745 3361 824 3408 cum
838 3348 952 3410 autem
965 3341 1123 3433 jocosum
1139 3340 1320 3432 ingenium
1335 3354 1369 3415 et

246 3457 392 3529 mordax
405 3453 564 3546 haberet,
575 3477 633 3525 eos
644 3453 741 3543 lusit,
762 3462 799 3525 ut
815 3454 1040 3549 comprobare
1055 3456 1136 3527 licet
1149 3479 1191 3527 ex
1201 3457 1367 3529 carmini-

453 3786 567 3855 Jejenus
579 3786 700 3840 sobrium
716 3785 783 3839 mibi
796 3784 971 3841 Platonem...

452 3884 565 3939 Paulino
580 3884 683 3955 quoties
697 3885 817 3949 condixi,
828 3883 940 3949 Testile,
953 3899 1075 3948 menam,

456 3966 609 4035 Nunquam,
624 3982 707 4036 quum
721 3971 807 4018 taceat
821 3973 928 4018 caetera
939 3965 1027 4032 turba,
1042 3971 1122 4029 tacet,

456 4045 513 4099 Nec
526 4047 577 4099 nisi
589 4045 716 4116 depositis
731 4046 895 4115 dapibusque
906 4061 1045 4115 meroque,
1061 4045 1183 4114 quiescit.

458 4125 531 4192 Ergo
543 4133 627 4189 satur,
638 4125 720 4190 dices,
736 4141 788 4178 non
802 4125 874 4177 abit:
890 4126 971 4178 immo
986 4126 1068 4178 venit.

455 4223 679 4293 Quandocumque
688 4223 738 4276 sibi
753 4239 849 4293 parare
863 4223 999 4276 amicos...

452 4323 543 4376 Audes
558 4321 584 4392 (ὀ
599 4321 711 4393 lacinus)
727 4321 847 4376 censuris
860 4337 967 4376 sumere
982 4337 1139 4375 normam...
