3124 4988
274 378 307 432 52
732 376 779 438 DE
795 375 929 436 aunone

275 530 441 604 orationis
459 529 596 624 figurae
613 538 648 602 et
670 537 762 603 totae
782 529 1033 624 explicationes
1052 528 1271 625 antiquorum
1286 515 1389 620 suut,

275 654 460 718 rosentem
475 654 509 718 et
527 645 673 720 affectus
688 646 864 742 animique
879 668 1004 720 sensus
1016 646 1156 740 propria
1171 655 1252 720 sunt
1265 646 1391 722 Bonae.

274 763 395 855 Magni
411 761 517 834 refert
530 762 792 857 haecperplane
811 761 1025 836 discernere.

322 880 363 952 ln
391 878 546 976 reliquas
574 879 707 972 elegias
739 880 866 974 quibus
890 880 1017 969 Bonae,
1044 903 1110 974 quo
1135 878 1393 954 miserationem

274 1003 428 1069 nostram
455 995 698 1070 vehementius
722 1005 972 1086 commoveret,
1003 994 1187 1070 immodice
1212 994 1394 1090 descripsit

275 1136 358 1209 qnos
374 1112 525 1201 doloreS,
553 1134 640 1207 qnae
658 1119 828 1183 tormenta
847 1110 890 1183 ab
911 1133 1030 1184 amore
1050 1109 1262 1206 pertulisset,
1287 1134 1392 1184 sevc-

274 1230 366 1302 riore
378 1228 510 1323 judicio
525 1252 667 1302 necesse
686 1239 739 1301 est
762 1237 914 1302 utamur.
938 1229 979 1300 ln
1002 1228 1162 1300 omnibns
1186 1228 1280 1300 enim
1302 1227 1389 1316 istis,

274 1369 378 1441 supra
392 1369 495 1442 qnam
512 1344 580 1417 dici
595 1355 719 1441 potest,
739 1354 772 1420 et
786 1344 971 1420 mediocris
981 1344 1045 1419 luit
1058 1354 1093 1418 et
1105 1343 1268 1442 frigidus.

322 1463 447 1534 Bezam
480 1462 586 1534 fnisse
616 1460 787 1533 infelicem
811 1472 844 1533 et
874 1462 1124 1554 miserandum,
1144 1486 1163 1536 κ
1188 1469 1324 1556 tempus
1353 1462 1391 1531 in

274 1602 375 1651 omne
386 1579 533 1650 Veneris
545 1575 637 1650 faces
651 1603 686 1664 n,
702 1585 738 1648 nt
755 1578 817 1666 ait,
837 1588 1013 1672 expertum
1026 1600 1102 1649 esse
1123 1585 1240 1672 atque,
1262 1600 1391 1673 perpe-

275 1698 342 1770 tuis
379 1695 592 1789 exagitatum
626 1695 734 1783 curis,
768 1703 885 1766 noctes
913 1699 1092 1767 insomnes
1120 1717 1223 1790 saepe
1254 1694 1393 1770 duxisse

273 1822 415 1909 propter
443 1811 620 1884 Candidae
658 1833 826 1896 amorem,
860 1812 950 1884 Beaa
979 1811 1054 1904 ipse
1087 1811 1202 1883 statim
1234 1833 1254 1882 a
1282 1813 1394 1904 prima

274 1929 386 2022 elegia
404 1928 503 2000 nobis
519 1937 572 2000 est
588 1928 699 2001 testis.
718 1927 867 2020 Vulgari
888 1927 979 1999 enim
991 1926 1123 2016 dolore,
1139 1927 1168 1998 si
1181 1926 1391 2000 credendum

273 2053 325 2118 est
339 2052 475 2140 poetae,
501 2067 571 2116 nou
586 2043 772 2133 laboravit,
797 2043 858 2116 sed
879 2053 948 2114 tam
968 2043 1056 2114 dnro
1077 2052 1112 2115 et
1126 2043 1229 2135 gravi
1253 2050 1288 2114 et
1310 2065 1392 2114 raro

272 2170 309 2234 nt
323 2183 527 2258 quemquam
539 2160 754 2242 miseriorem
765 2159 1125 2252 miserabilioremque
1134 2157 1243 2231 fuisse
1252 2157 1393 2233 difficile

273 2279 317 2351 sit
333 2288 435 2374 atque
451 2300 656 2372 persuasum
671 2278 811 2349 omnino
830 2275 959 2350 habeas
974 2278 1114 2362 Bonam,
1145 2284 1182 2346 ut
1201 2279 1390 2365 neminem,

272 2394 421 2467 ludibrio
434 2392 544 2466 fnisse
558 2393 780 2469 saevissimae
793 2393 845 2467 illi
856 2392 953 2484 deae,
971 2414 1058 2491 quae
1076 2391 1237 2466 mortalia
1253 2404 1392 2490 pectora

272 2510 499 2583 amarissimis
530 2510 622 2582 curis
644 2518 791 2606 torquet.
824 2509 919 2582 Nihil
950 2509 1102 2582 enimin
1131 2535 1169 2584 se
1194 2509 1301 2582 sentit
1325 2507 1392 2580 nisi

272 2639 451 2700 aeternnm
473 2626 602 2698 malum
627 2651 693 2724 qno
716 2625 760 2698 ah
782 2627 912 2698 Amore
937 2627 1169 2700 conflictatur.
1196 2626 1393 2700 Horrendis

271 2754 388 2816 tamen
402 2744 477 2814 istis
500 2745 680 2815 tormentis
701 2742 789 2816 illud
804 2743 918 2818 solatii
931 2742 1094 2841 quiddam
1118 2743 1219 2818 affert
1244 2743 1333 2842 quod
1358 2752 1393 2814 et

270 2860 458 2933 lectoribus
486 2859 627 2952 insigne
651 2859 896 2930 documentum
923 2861 1000 2954 ipse
1026 2860 1164 2932 futurus
1189 2860 1232 2931 sit
1253 2870 1334 2956 qnot
1359 2874 1394 2932 et

272 2985 417 3073 quantae
433 2974 644 3048 calamitates
659 2975 804 3046 miseros
819 2984 976 3048 amantes
991 2987 1154 3048 maneant
1164 2976 1189 3066 ¹,
1212 2985 1245 3047 et
1270 3000 1393 3050 rursus

308 3278 316 3314 ¹
337 3280 463 3334 Eamdem
487 3282 669 3350 arrogantiam
694 3286 722 3334 et
742 3281 886 3334 vanitatem
904 3297 996 3336 omnes
1021 3280 1215 3336 amatoriorum
1243 3279 1392 3336 carminum

271 3360 417 3430 scriptores
431 3361 633 3430 praestiterunt.
654 3359 702 3432 Cf.
720 3360 890 3415 Ronsardum
909 3375 915 3412 :

414 3468 464 3532 Qui
476 3469 577 3522 voudra
592 3469 651 3522 voir
666 3484 770 3524 oomme
781 3485 817 3524 un
830 3469 898 3524 Dion
912 3486 955 3524 mo
970 3474 1119 3526 surmonte.
1131 3510 1136 3522 .
1149 3514 1155 3526 .

484 3549 528 3602 Me
540 3550 636 3603 vienne
652 3550 720 3614 voir,
734 3549 752 3602 il
767 3550 859 3604 voirra
871 3566 915 3603 ma
929 3550 1050 3617 douleur,

486 3629 518 3681 Et
531 3628 557 3682 la
567 3629 679 3698 rigueur
693 3629 726 3683 de
740 3628 858 3685 l'archer
870 3631 918 3702 qui
931 3647 974 3684 me
989 3633 1087 3685 domtc.

803 3711 951 3779 (Amnum,
960 3713 980 3778 1,
996 3710 1036 3783 1.)

305 3789 338 3842 Et
351 3789 484 3844 Ponthum
503 3789 536 3844 de
550 3788 662 3862 Thymd
679 3804 685 3842 ι

413 3879 463 3944 Qui
478 3879 549 3934 veult
561 3880 650 3934 savoir
662 3897 696 3934 en
710 3888 808 3950 quante
822 3888 848 3937 et
862 3882 950 3954 quelle
964 3888 1038 3937 sorte

482 3965 585 4014 Amonr
599 3961 675 4015 cruel
689 3963 812 4016 travaille
825 3962 866 4016 les
877 3965 965 4034 espris

482 4041 521 4094 De
532 4055 610 4106 ceux,
622 4042 667 4110 qui
681 4048 740 4095 sont
754 4043 787 4098 de
800 4059 849 4097 son
862 4043 961 4098 ardeui-
973 4044 1070 4114 aspris,

484 4121 526 4184 Et,
542 4121 568 4175 le
578 4129 697 4192 servant,
713 4124 774 4193 quel
792 4125 858 4178 fruit
872 4141 906 4179 on
920 4143 953 4180 en
968 4133 1076 4196 raporte
1092 4143 1098 4180 :

412 4201 482 4266 Qu'il
500 4203 594 4256 sienne
613 4203 672 4256 coir
684 4220 728 4259 ma
741 4207 817 4275 peine
832 4207 943 4260 ardente
954 4214 980 4261 et
990 4209 1069 4269 forte,

483 4282 522 4335 En
536 4283 692 4338 discourant
707 4301 752 4340 ces
767 4286 853 4340 miens
866 4288 961 4356 pitoux
975 4287 1068 4351 eserie,
