3116 4978
658 411 705 464 DE
720 411 856 465 succus
1287 409 1319 464 dl

194 559 284 631 libus
304 559 470 656 exemplis
485 559 732 653 comprobari:
755 583 798 632 ex
817 560 967 656 antiquis
983 557 1123 648 tabulis,
1147 581 1226 631 cum
1238 566 1317 632 tra-

194 674 303 747 ditum
322 676 366 747 sit
386 676 482 748 Icaro
496 683 530 750 ct
546 675 756 748 Phaethonti
776 675 865 750 male
878 675 1047 748 accidisse
1065 675 1190 771 quode
1205 671 1318 747 media

194 788 249 861 via
266 791 402 883 egressi
417 789 588 882 fuisseot3
611 815 653 863 ex
669 791 831 882 historia,
853 791 890 863 in
911 813 979 887 qua
992 790 1152 884 legamus
1168 789 1320 864 dictato-

194 927 267 976 rem
282 903 464 979 Gaesarem
474 909 581 980 nimia
591 908 785 998 clementia,
798 908 905 980 nimia
914 905 1055 979 feritate
1069 907 1318 1002 imperatorem

194 1022 368 1094 Neronem
389 1024 534 1118 periisse
545 1047 587 1114 ;c
606 1024 777 1118 religione
792 1025 865 1118 ipsa
879 1023 1039 1120 cultuque
1059 1024 1216 1114 deorum,
1239 1046 1317 1095 cum

193 1139 270 1233 pios
296 1161 431 1235 quoque
458 1138 616 1211 homines
645 1141 765 1212 deceat
792 1139 976 1235 quemdam
1008 1138 1147 1233 pietatis
1177 1138 1317 1211 modum

195 1253 372 1326 adhibere.
391 1297 438 1308 —
450 1255 510 1345 At,
529 1255 619 1327 dicat
633 1255 771 1351 aliquis,
784 1255 899 1327 omnis
913 1255 1001 1328 baec
1015 1255 1233 1328 enumeratio
1246 1257 1317 1350 jam

193 1368 300 1464 longa
318 1353 418 1444 estet
432 1370 623 1445 fastidiosa.
645 1413 693 1426 -
710 1371 867 1463 Longius
882 1371 987 1445 etiam
1007 1371 1101 1445 Beaa
1117 1370 1213 1444 illam
1229 1394 1317 1464 pro-

194 1485 315 1558 duxit:
339 1486 479 1559 divitias
499 1499 532 1560 et
553 1496 804 1582 paupertatem,
831 1487 992 1560 morbum
1017 1496 1052 1560 et
1073 1487 1256 1560 sanitatem
1281 1487 1319 1557 iu

194 1602 345 1675 medium
372 1602 525 1699 profert3
552 1604 636 1700 quin
658 1604 763 1675 etiam
784 1602 827 1675 ab
849 1627 915 1676 usu
938 1604 1205 1699 pharmacorum
1228 1625 1317 1699 quae

197 1741 216 1788 r<
230 1718 407 1791 moderata
415 1718 554 1814 juvant,
570 1742 673 1812 saepe
687 1720 793 1814 petita
807 1729 933 1791 nocent
943 1743 962 1789 »
988 1719 1184 1815 exemplum
1201 1718 1314 1791 addit.

195 1834 533 1928 Opraestantissima
544 1835 741 1929 explicatio,
753 1859 832 1908 cum
842 1835 1159 1908 moderationctum
1172 1835 1317 1930 elegan-

196 1948 241 2020 tia
252 1950 398 2022 maxime
408 1951 605 2045 conspicua,
616 1952 715 2046 cujus
726 1952 858 2024 scilicet
868 1951 984 2044 gratia
993 1950 1179 2024 admodum
1191 1951 1319 2046 dignus

194 2077 246 2138 est
260 2067 350 2139 Beza
367 2067 425 2163 qui
446 2078 578 2162 septem
602 2067 771 2140 Graeciae
792 2067 1007 2161 sapientibus
1026 2076 1169 2140 octavus
1185 2067 1318 2160 adgre-

193 2188 318 2275 getur!
338 2184 451 2256 Nemo
470 2207 539 2256 non
553 2184 759 2257 confiteatur
776 2182 893 2254 omnia
905 2182 965 2256 illa
984 2192 1017 2253 et
1032 2183 1135 2254 stulta
1152 2192 1186 2255 et
1199 2184 1317 2256 statim

193 2297 427 2371 intolerabilia
449 2322 539 2371 esse.
563 2299 617 2372 Ex
642 2299 804 2372 universo
829 2298 897 2370 isto
921 2299 1086 2390 carmine,
1104 2298 1196 2394 quod
1220 2299 1318 2394 quasi

194 2414 459 2508 abjectissimam
482 2415 730 2510 vulgaritatem
744 2413 890 2503 redolet,
915 2414 1002 2486 duos
1025 2422 1162 2487 tantum
1190 2437 1316 2490 versus

197 2552 384 2623 excerpere
398 2530 505 2602 velis:

276 2731 383 2793 Dicere
396 2733 485 2810 plura
497 2732 581 2792 nefas
600 2732 702 2805 credo,
720 2750 788 2791 nam
799 2730 889 2792 laude
909 2749 1096 2809 nequaquam

315 2821 426 2883 Efferri
443 2821 602 2881 immodica
617 2821 744 2882 sustinet
753 2821 818 2898 ipse
833 2821 951 2881 medua.

245 3003 283 3076 ld
302 3005 441 3102 quidem
456 3014 547 3078 recte
565 3011 685 3076 noster
699 3004 807 3096 dixit;
831 3004 936 3075 immo
959 3002 989 3074 si
1007 3025 1126 3075 secum
1151 3006 1317 3096 perpetuo

195 3122 420 3209 constitisset,
443 3131 549 3193 totam
563 3121 638 3216 ipse
653 3121 841 3193 delevisset
864 3119 1029 3213 elegiam.
1051 3116 1150 3190 Nihil
1164 3137 1316 3210 unquam

197 3234 259 3308 fuit
282 3237 490 3310 mediocrius
512 3259 615 3334 quam
635 3236 695 3307 illa
717 3235 966 3308 mediocritatis
987 3233 1155 3307 laudatio,

245 3352 293 3424 Ut
316 3354 467 3426 secunda
484 3353 610 3446 elegia,
635 3353 741 3424 robus
755 3351 876 3424 saltem
899 3361 932 3423 et
951 3357 1175 3444 argumento,
1194 3345 1317 3440 Sylva·

198 3491 273 3540 rum
301 3477 353 3540 est
376 3467 566 3558 simillima,
592 3469 643 3538 sic
667 3465 871 3539 duodecima
890 3489 959 3538 nou
985 3465 1130 3538 multum
1162 3463 1204 3534 ab
1234 3459 1317 3555 Epi-

196 3586 401 3677 grammatis
431 3583 567 3673 differt,
603 3584 748 3678 ideoque
780 3608 822 3654 ex
856 3581 1017 3666 omnibus
1052 3582 1165 3653 Bezae
1192 3577 1317 3672 elegiis

196 3700 472 3794 gratissimaest,
493 3722 581 3795 quae
596 3700 781 3772 maximam
800 3707 952 3794 praestet
978 3695 1208 3769 subtilitatem
1228 3717 1317 3766 con-

197 3816 465 3912 cinnitatemque
482 3824 516 3887 et
530 3825 761 3888 venustatem.
780 3816 905 3887 Bezam
920 3815 1025 3898 enim,
1043 3821 1081 3884 ut
1097 3811 1188 3884 infra
1204 3810 1316 3882 fusius

196 3930 452 4026 explicabimus,
462 3930 609 4027 quodam
621 3932 779 4003 acumine
791 3941 824 4002 et
838 3930 981 4026 ingenio
990 3927 1096 4000 fuisse
1109 3928 1314 4023 praeditum,

196 4068 338 4144 eaquae
353 4051 391 4118 in
406 4048 466 4118 illo
481 4053 631 4118 carmiuc
642 4049 800 4143 exposuit
809 4048 882 4142 jam
899 4045 998 4118 nobis
1019 4046 1104 4117 satis
1115 4044 1313 4116 ostendent.

196 4162 343 4236 Difficile
354 4162 581 4234 mihividetur
592 4165 627 4233 in
639 4164 739 4235 laude
755 4171 788 4235 et
796 4161 992 4234 adulatione
1004 4161 1116 4254 magis
1127 4159 1317 4254 exquisitas

196 4289 230 4352 et
243 4287 362 4352 acutas
377 4301 435 4350 res
449 4276 602 4350 inveniri
616 4301 730 4373 posse.
753 4278 877 4350 Secum
897 4277 1032 4372 quaerit
1049 4296 1136 4370 quae
1152 4275 1197 4345 sit
1212 4293 1315 4346 causa
