3116 4978
715 407 782 482 DE

207 915 214 930 ,
305 742 822 948 runononr
883 744 1199 876 unuln

591 1050 911 1132 POEMATIS

189 1347 754 1358 ——ffi-—a-uu-—na—a—
760 1347 984 1356 ›—1.--.--..-.---..---
995 1347 1120 1356 -m-
1127 1349 1157 1356 --
1164 1349 1197 1356 .....v
1204 1349 1303 1355 ...ω-...-

554 1872 943 1959 PROOEMIUM

240 2371 295 2443 Ne
321 2372 398 2466 quis
413 2369 504 2444 forte
521 2371 667 2444 miretur
684 2365 788 2468 quod5
802 2393 880 2443 cum
894 2372 931 2441 in
950 2369 993 2442 iis
1007 2393 1096 2466 quac
1108 2369 1152 2441 ad
1167 2391 1313 2462 rempu-

192 2486 320 2560 blicam
332 2497 392 2560 aut
407 2487 453 2560 ad
471 2488 678 2582 religionem
692 2487 888 2583 pertineant
909 2495 1040 2559 tantam
1068 2485 1206 2558 laudem
1225 2485 1314 2556 Beza

192 2603 259 2676 sibi
302 2605 565 2699 comparaverit,
604 2603 689 2707 ejus*
715 2603 952 2677 tantummodo
998 2601 1195 2690 Poemutu,
1226 2622 1315 2696 quae

191 2720 382 2793 Juvenum
417 2720 585 2814 appellari
615 2721 739 2811 solent,
781 2720 994 2816 perscrutari
1020 2720 1106 2790 mihi
1137 2716 1314 2813 proposui,

192 2861 255 2908 cur
280 2837 371 2909 hanc
398 2837 591 2909 disserendi
618 2837 798 2909 materiam
842 2833 1008 2930 elegerim
1055 2835 1174 2928 paucis
1200 2832 1316 2904 verbis

81 2997 84 3004 ι
162 3003 164 3008 -
192 2976 375 3048 exponam.

242 3069 400 3142 Concedo
424 3093 508 3142 sane
531 3071 643 3142 Betae
667 3069 823 3140 carmina
842 3089 904 3164 per
925 3091 962 3141 se
979 3070 1056 3163 ipsa
1072 3088 1194 3160 parum
1209 3066 1317 3160 digna

193 3209 269 3258 esse
282 3208 369 3281 quae
383 3185 511 3257 nostris
537 3183 748 3279 temporibus
776 3181 922 3256 adoctis
942 3183 1029 3256 viris
1059 3181 1317 3256 accuratissime

193 3302 369 3395 legantur,
401 3325 480 3373 cum
511 3324 548 3376 ea
576 3323 689 3396 neque
731 3301 982 3372 sententiarum
1010 3323 1122 3396 neque
1151 3298 1317 3371 orationis

194 3417 381 3490 virtutibus
391 3417 689 3492 commendentur.
706 3417 824 3502 Quare
838 3439 882 3487 ne
899 3415 989 3512 apud
1005 3416 1167 3512 aequales
1178 3415 1317 3510 quidem

193 3535 358 3628 egregius
382 3544 482 3628 poeta
507 3534 648 3606 habitus
668 3532 775 3606 fuisso
803 3533 941 3605 videtur
955 3558 965 3624 3
993 3557 1074 3606 uam
1102 3555 1209 3626 parva
1231 3532 1318 3605 fides

194 3650 392 3723 adhibenda
424 3658 475 3721 est
506 3650 551 3721 ils
569 3647 788 3722 laudatorum
812 3647 967 3743 epistolis
985 3669 1076 3744 quae
1093 3647 1265 3720 secundae
1285 3659 1318 3720 et

193 3767 318 3840 tertiae
337 3765 482 3838 editioni
507 3764 725 3860 praepositae
740 3761 839 3856 simt3
876 3764 1004 3836 etenim
1033 3787 1108 3837 mos
1124 3773 1201 3836 crat
1221 3775 1318 3837 sexto

195 3883 327 3956 decimo
342 3882 477 3955 saeculo
491 3889 529 3952 ut
548 3881 738 3976 scriptores
758 3880 982 3975 amplissimis
997 3879 1159 3952 laudibus
1173 3881 1268 3951 inter
1283 3904 1320 3952 se

195 3999 435 4076 extollerent¹.
461 3997 626 4072 Attamen
639 4022 683 4070 ne
707 4020 793 4092 erga
814 4006 949 4092 poetam
968 4006 1126 4068 nostrum
1141 3994 1247 4066 nimia
1266 4019 1320 4067 se-

229 4233 240 4267 ¹
255 4232 301 4302 Cf.
316 4227 467 4288 laudatoria
480 4233 601 4289 carmina
613 4249 681 4304 quae
691 4228 840 4304 praemissa
856 4233 917 4284 sunt
935 4225 1050 4284 Nicolai
1065 4224 1207 4282 Borbonii
1240 4226 1319 4280 Van-

194 4313 336 4383 dopcrani
351 4315 543 4385 Linponensis
555 4311 716 4384 Nuparum
732 4311 816 4368 libris
826 4319 884 4366 octo
897 4330 906 4376 ‚·
920 4311 948 4364 in
964 4311 1057 4366 eodem
1071 4309 1141 4364 libro
1156 4325 1223 4378 quas
1233 4308 1321 4378 scrip-
