3124 4988
614 387 660 438 Du
676 384 874 442 EPITAPHIIS
1274 383 1306 433 75

237 505 402 580 Attamen
442 506 696 580 concedendum
737 514 790 578 est
817 527 876 578 eas
909 505 1067 600 quamvis
1112 505 1239 576 nimias
1271 515 1306 577 et

188 622 292 694 nimis
307 624 440 712 doctas,
463 635 500 696 ut
514 624 562 696 ita
583 624 707 710 dicam,
725 623 979 712 miserationes,
994 620 1100 717 hujus
1117 621 1213 714 regis
1234 620 1307 714 epi-

186 737 302 832 taphio
327 739 474 834 quodam
500 739 602 811 modo
627 749 726 834 aptas
754 761 843 826 esse,
870 761 982 834 neque
1001 760 1122 809 rursus
1145 735 1306 810 lacrimas

185 853 288 924 nimis
316 856 533 928 abundantes
554 863 587 928 et
605 877 743 927 amaras
761 853 911 927 fundere
930 876 1030 948 posse
1048 852 1147 925 illum
1168 860 1304 948 poetam

185 971 241 1062 qui
254 979 390 1063 patrem
403 972 519 1066 ipsum
534 993 678 1065 poeseos
689 972 855 1042 amissum
870 969 1056 1064 deploret¹.

236 1092 347 1163 Bezae
372 1088 480 1181 igitur
504 1087 588 1160 illud
613 1087 759 1180 contigit
781 1128 829 1139 —
850 1108 932 1157 raro
949 1085 1085 1180 quidem
1107 1085 1306 1179 idcircoque

184 1231 241 1278 res
259 1216 313 1278 est
330 1204 457 1276 clarius
473 1204 680 1276 illustranda
706 1212 808 1276 —ut
832 1201 867 1272 in
892 1201 1098 1298 quibusdam
1121 1200 1306 1296 epitaphiis

109 1361 114 1374 ‚
185 1324 365 1395 sincerum
398 1331 434 1392 et
466 1321 611 1414 probum
643 1343 719 1392 sese
745 1327 950 1413 praestaret.
975 1318 1070 1401 Quae
1098 1317 1135 1390 in
1158 1325 1306 1390 mortem

183 1439 455 1535 propinquorum
482 1445 516 1508 et
536 1437 725 1508 amicorum
746 1435 901 1506 carmina
925 1433 1045 1523 edidit,
1067 1434 1230 1506 avunruh
1251 1437 1304 1508 sui

181 1552 348 1641 Nicolai2,
370 1553 531 1625 Valentis
544 1551 572 1644 ³,
593 1552 759 1625 Gulielmi
779 1548 956 1645 Laogaei⁴
975 1559 1010 1623 et
1031 1550 1181 1624 Simonis
1207 1549 1305 1646 Gry-

218 1733 300 1788 ¹Jam
312 1735 405 1790 titulus
419 1736 479 1805 ipae
493 1737 622 1807 epitaphii
631 1736 696 1789 satis
706 1744 801 1807 aperte
813 1737 979 1790 demonstrat
992 1736 1056 1808 qnid
1070 1737 1197 1807 consequi
1211 1735 1306 1792 volue-

181 1813 218 1865 rit
231 1821 319 1886 poeta.
339 1817 379 1870 Ex
399 1832 431 1870 eo
451 1818 581 1886 quosdam
594 1819 720 1887 prolerre
736 1833 830 1870 versus
843 1817 919 1869 nobis
932 1815 1007 1870 libet.

325 1922 453 1994 Corpori·
467 1940 499 1977 ec
513 1923 595 1977 animi
608 1925 750 1978 florentem
765 1924 878 1993 dotibus,
895 1929 975 1993 atque

412 2002 453 2058 Re
466 2003 543 2058 facile
555 2006 673 2075 primum
686 2009 716 2057 ut
730 2005 882 2058 nomine...

324 2085 465 2139 Sublatam
479 2087 636 2154 ingemuere
650 2103 753 2151 omnes,
767 2086 813 2140 sed
827 2089 893 2157 p'rae
906 2087 1039 2159 omnibus,
1053 2087 1119 2142 illae

412 2166 477 2221 lllae
496 2167 646 2221 Camoenae
661 2166 774 2226 nobiles.

324 2246 474 2315 Hebraeae,
487 2247 607 2301 Graecae
621 2253 648 2301 et
660 2246 761 2317 Latiae,
777 2265 844 2319 quas
858 2247 904 2303 ille
917 2250 1033 2315 fovebat,

413 2327 453 2383 Ut
467 2327 538 2380 filias
550 2326 617 2380 nolet
631 2335 718 2398 pater.

216 2435 227 2470 2
338 2433 476 2489 Marmore
489 2435 521 2489 de
536 2434 616 2489 Pario
629 2435 717 2490 nullas
729 2436 773 2490 hio
788 2444 860 2491 stare
873 2436 1021 2500 columnas.

430 2513 499 2568 AEra
512 2531 562 2570 nec
574 2516 684 2570 artificis
698 2516 790 2570 vivere
800 2520 876 2588 jussa
889 2534 1003 2572 manu...

336 2595 387 2650 Hic
404 2601 494 2649 autem
512 2597 605 2664 magni
618 2597 750 2666 quondam
765 2615 829 2667 para
843 2613 940 2666 magna
957 2600 1080 2669 Senatus,

429 2675 483 2728 Aut
496 2674 580 2742 nullo,
597 2681 643 2729 aut
652 2675 709 2730 solo
721 2678 791 2731 Beza
805 2677 904 2732 Catone
917 2680 1024 2734 minor:

340 2754 426 2819 Quem
439 2756 479 2809 sic
491 2757 591 2826 eripuit
603 2758 690 2810 virtus
702 2763 744 2812 ter
756 2759 874 2811 maxima
887 2761 980 2827 morti,

431 2837 511 2890 Vivat
523 2843 553 2890 ut
563 2838 681 2891 extincto
694 2839 852 2908 posthumus
866 2840 926 2909 ipre
941 2841 1001 2897 sibi.

340 2916 465 2971 Mortuus
479 2932 495 2970 e
508 2915 611 2971 tumulo
624 2919 723 2971 tamam
736 2934 786 2973 eur
801 2925 888 2990 captet
901 2922 1017 2988 inanem,

430 2996 472 3050 llli
487 3014 568 3069 quarn
582 3000 641 3052 vivo
656 2999 711 3052 vita
724 3005 834 3070 peracta
848 3000 936 3056 deditl

341 3079 423 3132 Immo
442 3078 466 3131 si
485 3095 579 3132 verum
594 3079 634 3132 saa
648 3079 724 3134 nohis
740 3080 842 3147 dicere,
857 3083 904 3135 sed
916 3083 967 3151 fas,

428 3160 530 3227 Dignus
545 3161 591 3231 qui
605 3161 707 3214 tumulo
718 3179 772 3216 non
787 3168 924 3230 tegeretur
938 3170 1006 3219 erat.

216 3238 288 3293 Idem
301 3238 465 3309 epitaphium
479 3241 508 3292 in
520 3241 598 3293 tertia
610 3242 725 3295 editione
735 3242 908 3297 Pocmutum
922 3244 992 3298 Beaa
1004 3247 1116 3314 gravius
1130 3246 1210 3300 etiam
1222 3253 1301 3318 atque

180 3318 274 3372 dolore
286 3317 392 3389 plenius
404 3319 503 3379 effecit,
722 3313 725 3320 ’

215 3422 227 3457 ³
344 3427 468 3480 Extincto
484 3443 571 3496 nuper
584 3427 746 3499 Respublica
759 3437 860 3486 maesta
871 3431 984 3487 Valente

410 3507 476 3560 Visa
491 3507 558 3560 mihi
572 3525 664 3562 aecum
677 3510 717 3564 sic
731 3512 899 3579 gemebunda
913 3515 991 3583 queri
1006 3532 1012 3569 :

339 3587 425 3657 Saepe
438 3587 506 3642 alios
524 3589 596 3654 flevi,
609 3590 672 3642 dum
686 3591 725 3645 sie
740 3600 909 3660 raperentur,
927 3593 1049 3649 alumnos
1063 3613 1069 3649 :

412 3668 497 3721 Causa
508 3674 599 3722 tamen
612 3686 748 3742 nunquam
760 3672 860 3741 justior
872 3673 926 3728 ulla
939 3676 998 3730 fuit.

214 3777 226 3812 ⁴
342 3777 481 3844 [angaeus
495 3776 541 3830 ille
555 3793 668 3846 magnus
681 3779 726 3833 hic
738 3782 820 3850 jacet,
836 3781 942 3848 Lector,

338 3855 415 3911 Unus
429 3857 579 3911 Minervam
595 3857 685 3912 colere
697 3860 790 3913 doctus
804 3869 831 3914 et
845 3863 972 3929 Martem,

339 3936 398 4001 Quo
410 3953 489 3990 nemo
503 3936 599 3990 melior
615 3955 681 4008 pace
695 3939 762 3993 vixit
775 3949 820 3994 aut
834 3942 915 3996 hello.

340 4017 420 4070 Vitae
431 4032 516 4085 genus
530 4018 613 4071 habes
626 4034 632 4072 :
648 4023 744 4073 mortis
757 4036 791 4074 en
804 4038 889 4090 genus
902 4025 974 4080 disee
987 4040 995 4080 :

339 4096 431 4152 AEtate
445 4104 601 4168 consumpta
618 4098 755 4154 laboribus
768 4102 868 4168 multis,

339 4179 410 4246 Suis,
427 4194 591 4249 suorumque
605 4182 723 4235 omnium
737 4183 796 4236 lere
809 4184 945 4240 exhaustis

339 4257 431 4325 Bonis,
445 4259 472 4312 in
486 4276 551 4314 usus
567 4259 670 4317 Galliae
684 4279 758 4333 suae,
776 4265 893 4330 tandem,
