3124 4988
265 434 297 484 68
723 435 768 484 DE
784 435 918 485 ELEGIIS

301 585 380 656 Jam
405 581 464 653 illa
478 591 571 653 terra
593 604 718 676 exque
734 581 926 675 gignantur
945 602 1095 675 aequora
1107 579 1209 651 nobis
1223 579 1376 651 immen-

252 721 325 769 sam
349 697 613 770 admirationem
645 708 678 766 et
710 695 996 790 stupefactionem
1018 695 1153 790 injicit3
1173 698 1235 766 sed
1244 719 1325 766 mox
1339 702 1373 766 et

250 812 445 886 admirandi
465 822 499 884 et
514 814 676 907 stupendi
693 813 875 906 graviores
890 835 1014 883 causae
1026 811 1131 882 nobis
1146 822 1344 884 occurrunt.

330 992 380 1050 Me
395 991 548 1060 miserum,
562 993 700 1069 quamvis
714 991 838 1069 liquidis
850 994 1007 1068 sejunctus
1022 991 1171 1058 abundis,

368 1081 500 1141 Auferor
514 1100 531 1140 a
545 1083 615 1141 ficto
628 1082 793 1158 naufragus
807 1082 872 1158 ipse
882 1080 960 1139 freto
974 1080 980 1138 Ξ

329 1171 385 1230 Hei
402 1172 487 1244 mihi,
502 1173 572 1248 quid
588 1171 674 1232 Fioto
690 1171 775 1230 dixit
790 1170 953 1230 verissima
966 1170 1052 1230 nobis

369 1262 457 1320 Unda
472 1267 570 1331 nocet,
586 1261 689 1320 fictum
705 1278 755 1320 res
772 1261 862 1320 habet
873 1262 931 1321 ista
945 1261 1032 1322 nihil.

327 1351 485 1426 Nusquam
499 1351 594 1409 undas
609 1350 708 1420 video,
725 1351 921 1411 circumstant
933 1357 1063 1410 attamen
1075 1350 1181 1422 undae,

369 1438 492 1499 Scilicet
503 1440 534 1497 in
550 1439 636 1498 Sicco
651 1456 740 1498 curro
757 1445 887 1516 natoque
901 1440 978 1498 mari
988 1437 1010 1499 ¹.
1056 1489 1069 1514 ,

296 1609 468 1698 Profecto,
490 1612 570 1706 quia
584 1611 738 1683 inaudita
753 1612 785 1682 ei
806 1611 881 1683 visa
897 1620 949 1683 est
965 1623 999 1684 et
1015 1633 1096 1682 rara
1113 1619 1147 1682 et
1169 1611 1281 1701 unica,
1298 1619 1369 1682 tam

245 1726 404 1820 eximiam
435 1728 730 1821 comparationem
753 1727 1006 1821 redintegravit
1047 1727 1229 1799 etiterum
1266 1735 1369 1822 atque

245 1841 371 1913 iterum
386 1843 577 1936 usurpavit.

323 2021 402 2082 Ecce
415 2022 526 2082 iterum
540 2023 628 2083 Sicco
642 2042 698 2083 cur
712 2027 798 2086 dixit
813 2044 922 2102 nempe
937 2023 1053 2101 sepulta

363 2112 482 2187 Ingenii
498 2111 547 2171 vis
557 2117 603 2171 est
616 2116 891 2191 quantulacumque
905 2112 975 2174 mei.

291 2321 441 2393 Multum
456 2323 549 2393 enim
562 2321 668 2394 refert
683 2324 940 2395 accuratissime
954 2323 1102 2396 lectores
1123 2323 1270 2395 monitos
1289 2345 1366 2394 esse

454 2526 478 2577 A
490 2531 546 2580 oet
557 2542 671 2591 ennean,
679 2527 780 2596 parfeit
794 2542 827 2580 en
842 2526 928 2580 forme
942 2527 1037 2594 rende,

453 2605 597 2661 Ensemble
611 2613 638 2660 et
648 2612 704 2678 toy,
721 2612 748 2660 et
756 2622 831 2678 moy,
846 2607 871 2659 ie
886 2622 1075 2676 perangonne.

453 2686 490 2739 La
503 2689 549 2758 loy
561 2686 586 2740 le
600 2687 668 2740 clost
681 2701 688 2738 :
703 2686 730 2738 ln
744 2688 789 2756 loy
803 2702 836 2740 ne
854 2685 1056 2740 m'ebendonne.

382 2767 437 2821 Son
449 2768 516 2821 teint
527 2773 568 2820 est
580 2767 639 2820 d'or
652 2781 660 2821 ε
675 2767 763 2820 moins
784 2783 836 2837 quo
849 2766 900 2820 l'or
914 2774 942 2820 tu
956 2765 1012 2821 n'es
1022 2767 1129 2822 blonde.

452 2864 500 2919 S’il
513 2872 554 2918 est
567 2864 641 2919 seme
653 2867 686 2919 de
695 2865 812 2918 lermes:
829 2871 890 2936 trop
901 2866 1004 2920 abonde

380 2943 525 2999 L'humeur
540 2959 572 2999 en
587 2962 660 3016 moy,
680 2948 727 3016 qui
740 2962 825 3017 proye
835 2961 869 2999 eu
881 2945 951 3000 deuil
965 2961 1008 3000 me
1021 2945 1115 3001 donne.

451 3026 480 3080 Si
492 3042 530 3080 un
540 3027 624 3080 escrit
634 3042 670 3080 au
683 3028 783 3081 dedens
796 3026 971 3094 l'environne,

380 3105 421 3159 Tu
440 3105 506 3160 m'es
516 3123 551 3159 au
569 3123 644 3160 coeur
660 3123 693 3161 en
703 3123 838 3175 graveure
852 3107 993 3177 protende.

451 3205 487 3258 Se
505 3205 552 3275 foy
565 3206 707 3260 retientun
721 3206 839 3260 diamant
853 3203 888 3259 lie
904 3222 911 3258 ε

449 3285 483 3338 Et
494 3301 556 3339 mon
570 3286 674 3341 service
686 3287 704 3341 a
716 3292 763 3357 toy
783 3293 840 3342 tout
851 3285 927 3342 dedis

378 3365 546 3419 T’arrestera
566 3383 573 3420 :
590 3373 648 3421 tant
660 3369 715 3421 sois
728 3367 839 3436 oruelle,
855 3384 889 3421 ou
906 3368 982 3420 dure.

448 3465 482 3517 Et
493 3466 552 3534 puis
569 3481 575 3518 :
592 3467 660 3520 ainsi
672 3483 724 3537 que
742 3484 779 3538 ny
794 3469 878 3535 force,
895 3483 931 3537 ny
947 3467 1027 3519 fleme

449 3545 517 3599 Peut
530 3562 717 3601 consumerun
730 3548 849 3601 dtament
863 3547 1009 3618 (Madame)

376 3624 483 3693 Malgre
496 3633 554 3679 tout
562 3633 619 3680 sort
637 3644 699 3680 sens
708 3628 746 3680 fin
761 3644 825 3681 mon
839 3642 933 3680 amour
946 3627 1025 3680 dure.

609 3717 753 3786 (Erreurs
763 3731 957 3781 concurrentes,
967 3733 995 3786 p.
1009 3715 1068 3785 26.)

269 3823 279 3857 1
302 3821 349 3891 Cf.
362 3822 498 3877 Muretum
508 3824 759 3896 (Epiyrammata)
773 3844 787 3875 n
803 3826 831 3878 in
845 3825 979 3879 Venerem
994 3841 1020 3876 r.

374 3921 402 3974 Si
417 3921 518 3986 Venus,
534 3927 563 3975 ut
575 3923 690 3976 mendox
705 3924 853 3978 docuerunt
867 3923 946 3977 turba
958 3924 1068 3990 Poetae,

444 4001 483 4054 De
498 4002 591 4055 mediis
601 4017 665 4055 vere
679 4010 740 4056 nete
754 4011 864 4073 putatur
880 4003 968 4073 aquis,

373 4080 425 4145 Qui
434 4081 495 4134 fieri
508 4081 577 4150 potis
591 4089 631 4135 est
648 4082 744 4136 mediis
757 4084 918 4137 utfluotibus
934 4089 995 4136 orta

442 4161 558 4215 Assiduo
570 4169 691 4216 nostrum
702 4169 805 4219 torreat
817 4165 880 4232 igne
892 4160 987 4231 jecur?

372 4239 409 4294 0!
426 4240 513 4296 dolor.
526 4241 562 4296 01
580 4243 642 4312 quid
652 4247 711 4314 jam
727 4245 821 4298 miseri
834 4245 950 4314 speretis
959 4240 1100 4297 amantes?

443 4321 464 4374 n
479 4323 566 4376 medie
579 4325 652 4378 robis
668 4327 787 4381 nescitur
802 4326 874 4395 ignis
888 4341 969 4394 equa.
