3124 4988
248 361 279 409 'lt'
675 362 722 412 DE
739 362 941 412 EPITAPHIIS

250 528 327 576 raro
338 507 496 577 lacrimas
512 507 684 600 epitaphia
701 517 850 579 movent.
876 506 1034 600 Denique
1049 530 1117 577 non
1139 506 1205 577 alio
1222 505 1367 576 consilio

249 620 498 716 epitaphiorum
534 647 648 716 genus
681 635 783 717 atque
817 623 951 718 reliqua
994 623 1191 696 litterarum
1234 643 1367 713 genera

249 736 384 808 colitur.
403 739 538 824 Quibus
557 739 658 811 dietis
672 740 900 835 cognitisque,
918 762 1019 833 spero
1034 737 1107 809 fore
1122 748 1159 808 ut
1184 740 1310 809 rectius
1326 759 1367 806 ac

241 854 369 948 justius
387 855 683 949 Bezaeepitaphia
696 864 730 926 et
744 855 991 948 intellegantur
1010 864 1045 926 et
1063 854 1301 932 aestimentur,

296 970 375 1041 Non
395 970 485 1040 enim
504 970 705 1043 mirabimur
722 970 892 1066 quaedam
903 995 947 1042 ex
960 970 1030 1041 illis
1046 971 1157 1064 magis
1176 981 1237 1040 aut
1247 971 1367 1063 jocosa

248 1095 281 1156 et
308 1085 495 1179 petulantia
514 1098 573 1158 aut
603 1088 706 1158 etiam
726 1086 854 1158 acerba
884 1096 919 1158 et
938 1086 1076 1158 satirica
1104 1108 1303 1180 essequam
1329 1099 1368 1155 ut

248 1201 388 1272 tumulis
407 1201 695 1274 inscriberentur.
722 1203 911 1274 Videamus
933 1202 1082 1296 exempli
1106 1224 1210 1272 causa
1228 1200 1310 1295 quid
1329 1201 1367 1270 in

248 1318 448 1389 Ceratinum
461 1317 470 1358 ¹
485 1315 763 1390 etBelnensem2
778 1329 810 1389 et
824 1320 1003 1390 Renatum
1019 1316 1214 1390 Gentilem³
1240 1316 1367 1387 dixerit

247 1435 348 1505 Beza.
365 1434 465 1505 Certe
485 1458 554 1504 non
567 1434 705 1505 illorum
717 1444 863 1505 mortem
876 1435 1060 1528 deplorare
1070 1433 1179 1505 voluit
1194 1457 1280 1528 quos
1296 1442 1368 1503 tam

249 1550 493 1621 ridiculosam
520 1562 590 1621 tam
612 1551 788 1643 improbos
809 1550 995 1624 induxerit.
1021 1549 1204 1644 Epitaphia
1229 1549 1368 1643 quidem

246 1667 306 1737 illa
319 1667 489 1738 nominari
508 1678 651 1759 possunt
665 1690 742 1736 oum
757 1667 800 1737 ad
816 1680 970 1737 mortuos
985 1667 1191 1760 pertineant,
1210 1664 1271 1736 sed
1284 1662 1370 1734 saci-

245 1781 314 1853 lius
327 1783 363 1852 in
383 1780 500 1852 libello
516 1783 701 1853 satirarum
712 1781 939 1873 collocentur,
956 1780 1052 1853 nulla
1065 1782 1161 1852 euim
1176 1781 1243 1853 alia
1267 1804 1305 1851 re
1324 1779 1369 1850 ab

247 1899 508 1994 epigrammatis
524 1898 685 1969 differunt
702 1898 769 1968 nisi
785 1897 875 1992 quod
890 1899 962 1968 vita
975 1897 1168 1987 defunctos,
1186 1921 1254 1969 raon
1271 1897 1370 1968 vivos

246 2014 403 2087 homines
417 2014 559 2085 laedunt
574 2024 675 2108 atque
691 2015 862 2085 mordent.
884 2014 964 2084 Non
989 2013 1107 2086 dolore
1136 2024 1169 2086 et
1198 2014 1366 2101 lacrimis,

248 2133 309 2203 sed
331 2130 414 2220 sale,
431 2129 496 2218 ira,
516 2130 593 2200 odio
605 2128 734 2201 relenta
747 2141 839 2202 sunt.

283 2317 292 2352 ¹
403 2318 476 2373 Flete
487 2321 612 2388 agedum,
626 2322 695 2390 flete,
709 2339 726 2376 o
739 2323 853 2393 fratres3
868 2325 1017 2380 exstinctus
1030 2326 1114 2380 abivit

460 2399 508 2454 Ille
522 2419 590 2455 unus
605 2411 711 2457 vestrae
724 2402 873 2472 relligionis
887 2404 980 2459 honos.

407 2480 502 2535 Ridete
521 2498 536 2536 o
553 2482 659 2554 reliqui,
676 2485 733 2538 risu
747 2485 902 2552 dignissima
916 2503 962 2540 res
975 2494 1016 2541 est
1031 2503 1037 2540 :

461 2561 533 2616 Haec
547 2570 609 2617 sunt
623 2565 761 2635 perpetuis
775 2565 869 2620 lunera
879 2566 959 2634 digna
970 2569 1049 2636 jocis.

408 2642 514 2712 Quippe
527 2643 608 2713 hujus
622 2647 756 2714 quondam
771 2647 942 2700 mendacibus
956 2649 1043 2701 omnia
1056 2650 1124 2703 fucis

462 2724 590 2795 Perdere,
604 2724 660 2778 sola
674 2726 720 2780 diu
732 2743 851 2796 curaque
866 2744 995 2798 mensque
1008 2729 1068 2784 luit.

409 2805 443 2855 At
455 2804 517 2856 dum
532 2813 625 2858 cuncta
642 2807 717 2874 tegit,
734 2808 797 2859 dum
810 2808 948 2861 fraudibus
959 2811 1050 2864 omnia
1063 2808 1141 2876 velat,

463 2883 538 2936 lllors
555 2884 751 2951 simulatorem,
767 2904 821 2940 non
834 2886 959 2942 simulata
973 2891 1053 2959 rapit.

283 2975 294 3008 ²
402 2974 481 3028 Hunc
490 2975 541 3027 sibi
557 2974 696 3028 Belnensis
707 2975 838 3030 tumulum
853 2994 933 3047 quem
947 2979 1035 3032 cernis
1049 2980 1155 3034 inanem

462 3054 615 3120 struxerat,
630 3056 724 3109 invidit
738 3057 781 3110 cui
795 3055 907 3128 laqueus
920 3059 1061 3114 tumulum.

408 3136 544 3190 Debuerat
558 3143 640 3207 certe,
656 3138 713 3190 sors
727 3138 750 3190 si
764 3138 835 3193 foret
847 3139 970 3193 omnibus
985 3157 1079 3211 aequa,

463 3216 579 3270 Tardius
593 3217 637 3271 hic
650 3218 721 3281 fieri,
738 3217 780 3272 vel
796 3219 872 3289 prius
888 3219 934 3274 ille
948 3222 1027 3276 mori.

464 3307 561 3361 Fracto
580 3314 690 3375 gutture
708 3314 781 3361 stare
800 3326 880 3378 quem
900 3311 1047 3365 revinctum

464 3386 620 3456 impellique
636 3387 711 3441 vides
725 3394 751 3441 et
765 3388 818 3442 huc
831 3397 856 3442 et
868 3388 942 3457 illuc,

462 3467 600 3530 Quondam
615 3484 750 3537 purpureo
767 3469 862 3523 sedens
874 3471 982 3537 Senatu,

463 3548 569 3601 Primae
584 3547 708 3601 Parhisio
720 3549 748 3601 in
761 3549 820 3602 foro
837 3551 952 3607 tenebat.

460 3629 561 3681 Verum
582 3629 660 3698 (proh
680 3629 793 3696 facinus,
814 3630 955 3704 scelusque
972 3636 1097 3707 grande),

461 3710 529 3762 Dum
543 3709 616 3762 lucri
633 3710 720 3763 studio
731 3712 877 3780 impotente
889 3719 993 3784 captus,

461 3791 546 3844 Bonos
559 3806 612 3843 non
627 3791 715 3844 minus
729 3807 760 3844 ac
775 3791 858 3845 malos
872 3802 987 3859 coercet,

461 3871 536 3925 Justo
552 3871 661 3924 numine
674 3871 713 3924 sic
723 3873 834 3940 jubente
851 3873 959 3940 Divum,
1068 3877 1070 3882 '

461 3952 545 4006 Vivus
558 3951 604 4020 qui
620 3949 690 4004 male
704 3951 809 4005 sederat
822 3959 861 4005 tot
874 3969 966 4022 annos,

460 4034 538 4086 Stare
551 4049 623 4086 nunc
637 4031 706 4086 male
723 4040 845 4088 mortuus
856 4035 976 4103 jubetur.

408 4142 547 4212 Ejusmodi
553 4147 593 4194 est
600 4140 764 4211 epitaphium
771 4161 784 4192 u
792 4143 912 4198 advocali
921 4147 1058 4216 cujusdam
1068 4171 1078 4200 u
1089 4166 1095 4204 :

461 4222 482 4274 Ο
498 4238 589 4274 rerum
605 4222 694 4274 varias
708 4223 780 4276 vices
793 4230 819 4276 et
832 4224 938 4292 ingena,
953 4234 1030 4283 etc...
