3124 4988
576 733 835 817 consulatus
863 737 1094 820 MlltdltUM

639 922 661 968 Δ
685 923 767 970 ΒΕΖΑ
788 923 1022 972 ADHIBITORUM

668 1362 670 1366 Ι
701 1298 965 1366 l.Hexamatrl.

267 1424 356 1480 Silvae
365 1431 488 1496 quatuor.
825 1423 831 1493 Ι
856 1423 1030 1493 Epitaphium
1046 1425 1161 1480 Simonis
1171 1428 1291 1484 Grinaei.

748 1550 782 1602 ΙΙ.
801 1547 912 1621 Elepl.

268 1678 377 1749 Elegiae
386 1678 535 1732 duodecim.
855 1675 951 1746 Epigr.
963 1677 996 1730 ad
1011 1675 1051 1733 Cl.
1072 1679 1218 1734 Marotum.

267 1759 438 1831 Epitaphium
454 1761 486 1817 D.
501 1761 534 1814 P.
546 1757 656 1813 Stellae.
890 1785 926 1794 —
961 1757 1394 1833 XeniumTruchioetllampetro.

304 1871 333 1882 -
373 1841 407 1894 D.
417 1839 443 1893 J.
457 1841 589 1896 Valentis.
892 1866 924 1876 —
964 1837 1114 1908 Descriptio
1133 1841 1250 1894 virtutis.

301 1952 337 1962 -
373 1919 500 1976 Gulielmi
518 1921 618 1975 Budaei
635 1917 797 1992 (graecum).
892 1947 937 1984 -Ᾰ
962 1919 996 1971 ad
1009 1917 1173 1975 Marianum.

302 2032 335 2043 -
374 2003 494 2073 ejusdem
509 1997 654 2073 (latinum).
890 2027 926 2038 -
962 2000 989 2052 in
1006 2002 1111 2054 Erasmi
1125 2001 1282 2072 imaginem.
1372 2054 1374 2056 .

302 2114 334 2123 -
373 2084 494 2153 ejusdem
508 2081 653 2156 (latinum).
894 2107 924 2118 -
964 2081 990 2132 in
1007 2079 1205 2151 Philopatrnm.
1259 2113 1261 2118 .

303 2195 334 2204 -
372 2165 477 2220 Nicolai
488 2165 583 2218 Bezae.
894 2187 924 2198 -
962 2160 990 2212 in
1005 2163 1138 2216 eumdem.

300 2274 333 2286 -
370 2245 471 2299 Eobani
489 2245 578 2300 Hessi.
890 2267 926 2276 —
961 2239 995 2293 de
1005 2239 1124 2296 Trachin
1137 2249 1165 2295 et
1178 2241 1283 2297 Valido.

300 2355 332 2366 -
370 2326 400 2378 In
415 2325 579 2381 Geminum.
891 2347 923 2356 -
962 2318 1153 2376 Genethliaeon
1175 2322 1311 2378 Francisei
1325 2325 1389 2381 Val.

300 2423 332 2446 ..’..
370 2406 463 2460 Jacobi
477 2406 627 2460 Belnensis,
890 2425 925 2435 ··
961 2398 994 2452 de
1010 2398 1081 2454 fellei
1093 2402 1220 2472 inaugur.
1235 2404 1387 2459 Heuricill.

299 2517 334 2527 —
372 2488 508 2542 Francisei
523 2486 659 2541 Borhonii.
889 2507 925 2516 -
961 2480 994 2534 D.
1021 2481 1145 2546 Quelin0.

300 2599 332 2608 -
370 2568 508 2622 Francisei
525 2566 635 2621 Valesii.
728 2631 730 2637 .
890 2588 925 2598 -
961 2559 1167 2616 de.vict0ria....

299 2677 331 2688 -
370 2647 460 2702 Caroli
474 2647 586 2701 Valesii.
890 2667 922 2677 —
959 2639 992 2692 ad
1008 2641 1172 2698 Germanum
1191 2643 1343 2701 Valentem.

298 2757 333 2766 -
369 2728 397 2780 in
416 2733 531 2781 mortem
546 2723 684 2781 Francisci
699 2724 721 2778 l.
889 2753 921 2764 -
960 2719 992 2773 de
1006 2737 1073 2791 paee
1087 2724 1158 2776 inter
1176 2723 1388 2780 Franciacum...

263 2809 357 2862 leones
371 2824 463 2862 omnes
477 2814 587 2879 praeter
597 2807 632 2861 Τ.
646 2805 723 2859 Livii.
996 2811 1023 2856 et
1035 2803 1162 2859 Carolum
1173 2807 1304 2876 quintum.

262 2887 437 2957 Epigramma
450 2891 484 2942 ad
498 2887 639 2943 lectorem.
888 2911 923 2919 -
960 2882 988 2934 in
1001 2882 1155 2939 Paullum.
1235 2915 1238 2924 ·

297 2975 332 3008 -’
368 2971 401 3021 de
417 2968 537 3023 Geminis
553 2967 666 3023 solibus.
890 2994 923 3005 -
959 2961 987 3014 in
1002 2963 1189 3020 Poathumum.

298 3077 331 3088 -
368 3049 395 3101 in
410 3048 558 3104 Claudiurn.
890 3070 922 3080 -
958 3043 984 3094 in
1001 3043 1165 3114 Bergedum.

296 3158 332 3169 -
367 3130 401 3183 de
421 3129 625 3183 Commentariis
652 3127 793 3187 Volmarii.
888 3151 923 3160 -
960 3123 993 3175 ad
1007 3125 1114 3181 Janum.

297 3240 329 3249 -
367 3210 395 3263 in
408 3210 542 3280 quendam
558 3210 695 3264 asinorum
712 3226 792 3265 enco-
888 3230 922 3242 ··
958 3203 991 3258 de
1006 3205 1149 3260 Francisco
1167 3208 1188 3259 l.
1270 3193 1273 3198 ⁴
1347 3194 1349 3196 ⁵

405 3292 529 3346 minsten.
888 3311 921 3321 -
957 3285 992 3337 ad
1007 3285 1162 3340 Candidum.

300 3398 334 3409 -
371 3370 400 3424 in
413 3373 553 3424 Amorem.
886 3391 921 3402 -
957 3364 990 3418 de
1005 3367 1108 3420 eadem.

296 3479 332 3489 -
368 3450 523 3505 devenere
549 3467 712 3507 marmorea.
888 3472 919 3480 -
957 3445 990 3497 ad
1005 3446 1149 3516 quandam·

296 3560 327 3571 -
365 3531 399 3584 ad
417 3529 543 3585 Carnium
560 3531 692 3600 quintum.
885 3561 918 3571 -
957 3533 984 3586 in
997 3535 1095 3589 aulam.

295 3640 329 3649 -
367 3611 552 3681 insapidum.
884 3641 918 3650 -
954 3615 988 3666 ad
999 3615 1384 3673 Candid...convaleseentem.

294 3720 329 3729 -
365 3691 399 3745 de
410 3690 562 3745 Theocreni
581 3689 674 3744 libello
883 3722 917 3731 —
955 3694 989 3746 ad
1003 3694 1159 3750 Candidum.

294 3801 329 3811 —
365 3770 682 3825 inL.Juniicolumellae
695 3769 789 3826 libros.
883 3801 914 3812 -
952 3774 987 3826 ad
1003 3777 1126 3831 eandem.

295 3885 327 3893 -
365 3851 393 3903 in
408 3852 530 3904 Sextum.
882 3882 915 3893 -
953 3855 986 3907 ad
1001 3858 1124 3912 eandem.

293 3961 330 3970 -
366 3933 393 3985 in
407 3930 511 3984 Thaida
525 3947 641 3986 caecam.
881 3964 916 3972 —
952 3935 986 3987 ad
1001 3938 1124 3994 eandem.

295 4041 330 4050 -
366 4013 398 4067 de
411 4012 557 4066 Franciaeo
573 4010 729 4066 Rabelaeso.
882 4043 914 4054 -
952 4016 986 4068 ad
996 4015 1192 4086 Sequanamde
1202 4018 1303 4073 eadem.

294 4122 329 4133 -
365 4093 398 4146 de
411 4090 557 4146 Hellenora
577 4093 682 4162 regina.
881 4125 916 4135 -
951 4096 984 4149 ad
997 4099 1108 4152 eandem
1124 4099 1280 4156 Candidum.

294 4204 331 4213 —
367 4174 400 4228 de
414 4173 552 4246 Francisei
566 4179 592 4227 et
605 4173 696 4227 Caroli
709 4173 789 4228 indu-
880 4205 915 4213 -
951 4176 980 4228 in
995 4177 1029 4228 A.
1051 4176 1250 4248 Tiraquellum.

402 4255 460 4307 ciis.
880 4284 916 4294 -
953 4254 1082 4309 Ponticus
1097 4255 1231 4312 Cornelio.
1258 4287 1260 4296 ·

294 4363 330 4375 -
365 4336 399 4388 de
418 4333 513 4388 morbo
536 4333 704 4389 Franciaeil.
880 4363 915 4376 -
952 4335 1092 4391 Cornelius
1106 4337 1230 4393 Pontico.
