3124 4988
723 430 769 483 DE
785 429 920 482 nunnus

385 578 534 654 Portitor,
547 584 578 638 ot
593 578 718 658 Stygias
730 584 856 657 tangere
870 579 946 639 nolit
961 594 1062 654 aquas.

344 670 386 729 At
398 675 432 728 tu
446 670 566 729 deserto
579 669 699 728 studeas
712 671 743 728 iu
757 669 859 730 littore
870 675 984 729 maesta

384 754 540 816 infernum
560 755 700 834 precibus
715 756 882 816 sollicitare
895 758 1015 820 lovem.

314 909 371 981 Sic
385 919 518 981 tautum
533 932 602 980 non
616 933 752 1003 semper
766 909 934 1003 discipulo
954 909 990 980 id
1005 908 1125 979 vitium
1140 907 1205 980 fuit
1220 909 1310 1005 quod
1330 908 1384 979 ni-

267 1027 330 1099 mis
354 1025 505 1098 fideliter
530 1036 632 1122 atque
651 1027 706 1119 pie
727 1026 946 1120 antiquorum
965 1024 1116 1119 vestigia
1130 1035 1164 1098 et
1182 1031 1385 1120 persecutus

264 1152 316 1216 est
331 1153 364 1216 et
378 1152 630 1215 veneratus.-
651 1142 720 1215 Sed
739 1142 931 1235 elegiarum
955 1165 1067 1236 genus
1086 1163 1262 1236 nunquam
1275 1141 1386 1211 Besae

264 1259 449 1355 quidquam
462 1258 572 1331 fuisse
596 1260 662 1332 nisi
682 1261 849 1353 poeticum
864 1258 983 1352 jocum
999 1266 1031 1330 et
1054 1267 1210 1331 veterum
1226 1258 1379 1348 scripto-

264 1401 341 1448 rum
362 1377 603 1466 imitationem,
643 1375 778 1468 elegiae
805 1385 902 1446 sexta
916 1386 949 1448 et
964 1375 1099 1447 decima
1113 1375 1295 1469 praecipue
1323 1374 1384 1445 de-

263 1493 407 1565 clarant.
1058 1489 1066 1514 ⁰
1244 1489 1246 1496 '

311 1609 411 1696 Quod
421 1607 464 1679 ad
477 1606 647 1680 decimam
669 1607 790 1678 attinet
806 1606 961 1679 breviter
975 1607 1235 1701 explicabimus.
1254 1606 1381 1678 Gandi-

263 1726 328 1798 dae
350 1767 393 1777 —
419 1749 486 1795 non
512 1724 626 1817 puella
642 1724 853 1813 nominatur,
871 1723 933 1795 sed
946 1724 1134 1795 verisimile
1150 1733 1202 1795 est
1222 1723 1267 1795 ad
1286 1724 1386 1794 Can-

263 1842 377 1913 didam
409 1842 524 1913 omnia
556 1840 642 1911 haec
668 1850 824 1934 spectare
858 1883 904 1894 -
935 1823 1036 1913 comaw
1064 1841 1167 1935 periit
1198 1849 1314 1936 atque,
1347 1848 1387 1911 ut

264 1958 428 2052 perpolite
444 1958 526 2029 dicit
540 1964 636 2051 poeta
643 2012 652 2047 ,
672 1957 897 2050 «glabrum»
924 1958 999 2052 ejus
1022 1967 1135 2028 manet
1153 1965 1266 2052 caput.
1288 1959 1384 2043 Quas

262 2098 344 2145 vero
366 2074 621 2146 consolationes
646 2073 813 2145 allaturus
831 2075 877 2145 sit
890 2075 1021 2146 amicae
1046 2075 1135 2146 Beza
1149 2073 1263 2146 statim
1282 2072 1383 2144 nobis

262 2190 298 2258 iu
326 2190 476 2260 animum
504 2198 708 2260 occurrunt.
744 2189 813 2261 Sed
832 2190 998 2283 majorem
1034 2188 1198 2283 opinione
1225 2189 1381 2259 omnium

261 2307 439 2400 ineptiam,
457 2328 500 2377 ue
513 2304 625 2377 dicam
640 2305 880 2395 rusticitatem,
903 2316 1073 2401 praestat.

342 2468 462 2546 Desine,
477 2468 581 2538 stulta,
598 2469 698 2544 queri,
712 2486 781 2528 nam
794 2470 872 2545 quod
888 2469 1014 2546 periisse
1026 2467 1160 2540 videtur,

380 2559 529 2635 Tempora
538 2558 726 2618 reddiderint
740 2576 799 2616 non
816 2559 858 2618 ita
873 2558 964 2634 longa
976 2559 1042 2618 tibi.

310 2715 402 2799 Quin
432 2715 541 2808 potius
570 2714 720 2786 miserae
739 2714 887 2809 puellae,
910 2722 947 2787 ut
971 2715 1003 2786 ei
1036 2713 1329 2809 pulchritudinem
1348 2723 1384 2786 et

262 2853 394 2903 comam
418 2829 574 2918 redonet,
610 2854 719 2902 unum
757 2852 799 2901 ex
834 2829 903 2900 illis
933 2830 1096 2901 remediis
1124 2831 1383 2926 pharmacisque

262 2946 471 3041 suppeditat,
500 2946 543 3018 de
561 2947 687 3042 quihus
720 2955 789 3018 tam
819 2968 922 3039 saepe
940 2945 978 3015 iu
993 2947 1169 3018 Poematis
1184 2946 1317 3019 locutus
1329 2957 1383 3019 est

261 3073 332 3135 tam
351 3063 532 3155 eleganter
546 3072 580 3134 et
594 3063 728 3135 urbane
743 3063 758 3134 ‘l
775 3061 809 3134 N
814 3086 870 3133 um
903 3062 1071 3134 credibile
1097 3073 1148 3135 est
1168 3061 1300 3135 infelici
1325 3063 1382 3134 al-

261 3181 331 3252 lata
354 3203 431 3251 esse
450 3179 570 3251 solatia
596 3179 685 3268 istis,
712 3179 855 3274 poeticis
875 3177 1029 3275 quidem,
1053 3179 1116 3250 sed
1140 3179 1252 3274 magis
1272 3179 1381 3251 etiam

263 3295 420 3367 ridiculis
439 3296 750 3368 similitudinibus?

345 3473 395 3531 Sic
407 3472 464 3532 tibi
477 3489 564 3548 saepe
577 3472 712 3549 thymus,
730 3471 773 3531 sic
788 3477 818 3530 et
831 3472 973 3532 tondetur
985 3471 1123 3547 anethus,

383 3562 456 3621 Mox
475 3566 574 3620 tamen
589 3561 620 3618 in
633 3561 756 3620 frondes
776 3561 876 3637 surgit
884 3566 1010 3636 uterque
1019 3578 1099 3620 suas.

344 3650 396 3710 Sic
410 3668 501 3726 quum
515 3667 604 3726 saepe
626 3667 710 3710 rosas
723 3655 786 3710 toto
800 3647 960 3726 collegeris
974 3650 1071 3722 horto,

382 3741 558 3816 Purpureas
574 3740 653 3798 idem
665 3756 732 3798 cras
745 3739 827 3798 dabit
840 3739 948 3799 hortus
963 3756 1045 3817 opes.

313 3930 396 4020 Sed,
413 3955 457 4002 ne
475 3931 562 4003 haec
574 3932 749 4005 Gandidae
764 3931 949 4004 humiliora
968 3941 1001 4004 et
1018 3931 1121 4002 nimis
1141 3931 1276 4024 abjecta
1286 3931 1383 4002 vide-

263 4054 378 4134 antur,
396 4045 440 4117 ad
460 4046 661 4119 sublimiora
680 4047 788 4119 tendit
804 4053 917 4142 poeta,
948 4056 982 4117 et
1008 4069 1095 4142 quae
1114 4048 1189 4140 jam
1220 4047 1263 4117 ab
1282 4047 1382 4118 initio

264 4162 410 4233 dicenda
422 4172 521 4235 erant
535 4174 710 4256 postremo
725 4164 822 4234 dicit:

344 4340 460 4416 Quippe
481 4339 573 4417 hujus
588 4337 687 4398 radios
702 4354 798 4413 nuper
813 4336 940 4397 miratus
950 4337 1071 4414 Apollo,
