<?xml version="1.0" encoding="UTF-8"?>
<!DOCTYPE html PUBLIC "-//W3C//DTD XHTML 1.0 Transitional//EN"
    "http://www.w3.org/TR/xhtml1/DTD/xhtml1-transitional.dtd">
<html xmlns="http://www.w3.org/1999/xhtml" xml:lang="en" lang="en">
 <head>
  <title>
</title>
<meta http-equiv="Content-Type" content="text/html;charset=utf-8" />
  <meta name='ocr-system' content='tesseract 3.04.00' />
  <meta name='ocr-capabilities' content='ocr_page ocr_carea ocr_par ocr_line ocrx_word'/>
</head>
<body>
  <div class='ocr_page' id='page_1' title='image "./detheodoribezae00maiggoog_0063.png"; bbox 0 0 3124 4988; ppageno 0'>
   <div class='ocr_carea' id='block_1_1' title="bbox 261 407 927 464">
    <p class='ocr_par' dir='ltr' id='par_1_1' title="bbox 261 407 927 464">
     <span class='ocr_line' id='line_1_1' title="bbox 261 407 927 464; baseline 0.002 -3"><span class='ocrx_word' id='word_1_1' title='bbox 261 407 293 461; x_wconf 72' lang='grc'>56</span> <span class='ocrx_word' id='word_1_2' title='bbox 725 409 771 462; x_wconf 83' lang='lat' dir='ltr'>DE</span> <span class='ocrx_word' id='word_1_3' title='bbox 788 407 927 464; x_wconf 73' lang='lat' dir='ltr'>ELEGllS</span> 
     </span>
    </p>
   </div>
   <div class='ocr_carea' id='block_1_2' title="bbox 257 557 1383 1466">
    <p class='ocr_par' dir='ltr' id='par_1_2' title="bbox 257 557 1383 1466">
     <span class='ocr_line' id='line_1_2' title="bbox 259 557 1373 655; baseline 0 -25"><span class='ocrx_word' id='word_1_4' title='bbox 259 563 374 631; x_wconf 90' lang='lat' dir='ltr'>autem</span> <span class='ocrx_word' id='word_1_5' title='bbox 411 581 454 632; x_wconf 92' lang='lat' dir='ltr'>ex</span> <span class='ocrx_word' id='word_1_6' title='bbox 484 581 521 633; x_wconf 92' lang='lat' dir='ltr'>se</span> <span class='ocrx_word' id='word_1_7' title='bbox 548 559 622 654; x_wconf 88' lang='lat' dir='ltr'>ipse</span> <span class='ocrx_word' id='word_1_8' title='bbox 650 557 864 655; x_wconf 89' lang='lat' dir='ltr'>praestiterit</span> <span class='ocrx_word' id='word_1_9' title='bbox 898 557 1077 632; x_wconf 87' lang='lat' dir='ltr'>difficilius</span> <span class='ocrx_word' id='word_1_10' title='bbox 1120 557 1373 654; x_wconf 80' lang='lat' dir='ltr'>deprehendet,</span> 
     </span>
     <span class='ocr_line' id='line_1_3' title="bbox 259 673 1379 772; baseline 0 -25"><span class='ocrx_word' id='word_1_11' title='bbox 259 675 384 770; x_wconf 86' lang='lat' dir='ltr'>quippe</span> <span class='ocrx_word' id='word_1_12' title='bbox 401 697 480 748; x_wconf 94' lang='lat' dir='ltr'>cum</span> <span class='ocrx_word' id='word_1_13' title='bbox 496 695 536 748; x_wconf 91' lang='lat' dir='ltr'>ea</span> <span class='ocrx_word' id='word_1_14' title='bbox 551 673 736 748; x_wconf 86' lang='lat' dir='ltr'>admodum</span> <span class='ocrx_word' id='word_1_15' title='bbox 751 697 858 772; x_wconf 89' lang='lat' dir='ltr'>pauca</span> <span class='ocrx_word' id='word_1_16' title='bbox 876 675 1079 770; x_wconf 86' lang='lat' dir='ltr'>minimique</span> <span class='ocrx_word' id='word_1_17' title='bbox 1098 675 1265 748; x_wconf 78' lang='lat' dir='ltr'>momenti</span> <span class='ocrx_word' id='word_1_18' title='bbox 1281 677 1379 768; x_wconf 90' lang='lat' dir='ltr'>siut,</span> 
     </span>
     <span class='ocr_line' id='line_1_4' title="bbox 259 790 1383 888; baseline 0.003 -27"><span class='ocrx_word' id='word_1_19' title='bbox 259 790 308 864; x_wconf 87' lang='lat' dir='ltr'>ita</span> <span class='ocrx_word' id='word_1_20' title='bbox 337 798 386 881; x_wconf 91' lang='lat' dir='ltr'>ut,</span> <span class='ocrx_word' id='word_1_21' title='bbox 430 791 718 888; x_wconf 79' lang='lat' dir='ltr'>quemadmodum</span> <span class='ocrx_word' id='word_1_22' title='bbox 751 790 837 863; x_wconf 92' lang='lat' dir='ltr'>illud</span> <span class='ocrx_word' id='word_1_23' title='bbox 858 793 940 886; x_wconf 83' lang='lat' dir='ltr'>jure</span> <span class='ocrx_word' id='word_1_24' title='bbox 968 791 1036 863; x_wconf 91' lang='lat' dir='ltr'>dici</span> <span class='ocrx_word' id='word_1_25' title='bbox 1055 791 1168 886; x_wconf 92' lang='lat' dir='ltr'>potuit</span> <span class='ocrx_word' id='word_1_26' title='bbox 1198 790 1383 887; x_wconf 91' lang='lat' dir='ltr'>plerosque</span> 
     </span>
     <span class='ocr_line' id='line_1_5' title="bbox 258 905 1382 1004; baseline -0.001 -24"><span class='ocrx_word' id='word_1_27' title='bbox 258 926 434 1004; x_wconf 86' lang='lat' dir='ltr'>uunquam</span> <span class='ocrx_word' id='word_1_28' title='bbox 455 927 610 980; x_wconf 84' lang='lat' dir='ltr'>amorem</span> <span class='ocrx_word' id='word_1_29' title='bbox 628 929 749 980; x_wconf 92' lang='lat' dir='ltr'>verum</span> <span class='ocrx_word' id='word_1_30' title='bbox 766 905 875 979; x_wconf 92' lang='lat' dir='ltr'>fuisse</span> <span class='ocrx_word' id='word_1_31' title='bbox 888 915 1093 1001; x_wconf 84' lang='lat' dir='ltr'>experturos</span> <span class='ocrx_word' id='word_1_32' title='bbox 1109 905 1175 977; x_wconf 90' lang='lat' dir='ltr'>uisi</span> <span class='ocrx_word' id='word_1_33' title='bbox 1196 907 1240 978; x_wconf 91' lang='lat' dir='ltr'>de</span> <span class='ocrx_word' id='word_1_34' title='bbox 1263 927 1382 979; x_wconf 89' lang='lat' dir='ltr'>amore</span> 
     </span>
     <span class='ocr_line' id='line_1_6' title="bbox 258 1021 1381 1119; baseline 0 -23"><span class='ocrx_word' id='word_1_35' title='bbox 258 1025 446 1112; x_wconf 85' lang='lat' dir='ltr'>audissent,</span> <span class='ocrx_word' id='word_1_36' title='bbox 470 1025 520 1096; x_wconf 90' lang='lat' dir='ltr'>sic</span> <span class='ocrx_word' id='word_1_37' title='bbox 532 1025 702 1119; x_wconf 88' lang='lat' dir='ltr'>etjustius</span> <span class='ocrx_word' id='word_1_38' title='bbox 721 1021 807 1096; x_wconf 90' lang='lat' dir='ltr'>illud</span> <span class='ocrx_word' id='word_1_39' title='bbox 822 1021 991 1096; x_wconf 81' lang='lat' dir='ltr'>affirmari</span> <span class='ocrx_word' id='word_1_40' title='bbox 1009 1023 1130 1117; x_wconf 90' lang='lat' dir='ltr'>pessit,</span> <span class='ocrx_word' id='word_1_41' title='bbox 1159 1045 1201 1095; x_wconf 86' lang='lat' dir='ltr'>ex</span> <span class='ocrx_word' id='word_1_42' title='bbox 1216 1021 1381 1096; x_wconf 90' lang='lat' dir='ltr'>omnibus</span> 
     </span>
     <span class='ocr_line' id='line_1_7' title="bbox 258 1139 1381 1236; baseline -0.003 -23"><span class='ocrx_word' id='word_1_43' title='bbox 258 1139 333 1213; x_wconf 90' lang='lat' dir='ltr'>istis</span> <span class='ocrx_word' id='word_1_44' title='bbox 354 1161 559 1236; x_wconf 89' lang='lat' dir='ltr'>-quorum</span> <span class='ocrx_word' id='word_1_45' title='bbox 578 1163 685 1235; x_wconf 90' lang='lat' dir='ltr'>paene</span> <span class='ocrx_word' id='word_1_46' title='bbox 700 1139 855 1212; x_wconf 85' lang='lat' dir='ltr'>infinitus</span> <span class='ocrx_word' id='word_1_47' title='bbox 872 1149 925 1213; x_wconf 89' lang='lat' dir='ltr'>est</span> <span class='ocrx_word' id='word_1_48' title='bbox 945 1161 1111 1212; x_wconf 90' lang='lat' dir='ltr'>uumerus</span> <span class='ocrx_word' id='word_1_49' title='bbox 1129 1181 1174 1191; x_wconf 91' lang='lat'>·-</span> <span class='ocrx_word' id='word_1_50' title='bbox 1200 1140 1381 1231; x_wconf 83' lang='lat' dir='ltr'>elegorum</span> 
     </span>
     <span class='ocr_line' id='line_1_8' title="bbox 258 1253 1381 1352; baseline -0.004 -24"><span class='ocrx_word' id='word_1_51' title='bbox 258 1253 498 1352; x_wconf 85' lang='lat' dir='ltr'>scriptoribus,</span> <span class='ocrx_word' id='word_1_52' title='bbox 518 1277 707 1351; x_wconf 89' lang='lat' dir='ltr'>perpaucos</span> <span class='ocrx_word' id='word_1_53' title='bbox 725 1267 818 1330; x_wconf 88' lang='lat' dir='ltr'>certe</span> <span class='ocrx_word' id='word_1_54' title='bbox 834 1256 966 1350; x_wconf 87' lang='lat' dir='ltr'>elegias</span> <span class='ocrx_word' id='word_1_55' title='bbox 986 1255 1142 1327; x_wconf 88' lang='lat' dir='ltr'>edituros</span> <span class='ocrx_word' id='word_1_56' title='bbox 1167 1253 1287 1344; x_wconf 87' lang='lat' dir='ltr'>fuisse,</span> <span class='ocrx_word' id='word_1_57' title='bbox 1312 1255 1381 1326; x_wconf 82' lang='lat' dir='ltr'>nisi</span> 
     </span>
     <span class='ocr_line' id='line_1_9' title="bbox 257 1371 1381 1466; baseline -0.003 -18"><span class='ocrx_word' id='word_1_58' title='bbox 257 1373 416 1448; x_wconf 80' lang='lat' dir='ltr'>Ovidium</span> <span class='ocrx_word' id='word_1_59' title='bbox 432 1379 465 1445; x_wconf 90' lang='lat' dir='ltr'>et</span> <span class='ocrx_word' id='word_1_60' title='bbox 486 1371 706 1466; x_wconf 87' lang='lat' dir='ltr'>Propertium</span> <span class='ocrx_word' id='word_1_61' title='bbox 717 1381 751 1444; x_wconf 92' lang='lat' dir='ltr'>et</span> <span class='ocrx_word' id='word_1_62' title='bbox 763 1372 937 1446; x_wconf 88' lang='lat' dir='ltr'>Catullum</span> <span class='ocrx_word' id='word_1_63' title='bbox 951 1371 1122 1466; x_wconf 79' lang='lat' dir='ltr'>legissent</span> <span class='ocrx_word' id='word_1_64' title='bbox 1133 1377 1158 1442; x_wconf 85' lang='lat'>¹.</span> <span class='ocrx_word' id='word_1_65' title='bbox 1177 1371 1291 1457; x_wconf 89' lang='lat' dir='ltr'>Quare</span> <span class='ocrx_word' id='word_1_66' title='bbox 1306 1371 1381 1466; x_wconf 90' lang='lat' dir='ltr'>ple·</span> 
     </span>
    </p>
   </div>
   <div class='ocr_carea' id='block_1_3' title="bbox 255 1609 1378 1766">
    <p class='ocr_par' dir='ltr' id='par_1_3' title="bbox 255 1609 1378 1766">
     <span class='ocr_line' id='line_1_10' title="bbox 293 1609 1378 1685; baseline -0.002 -21"><span class='ocrx_word' id='word_1_67' title='bbox 293 1611 341 1680; x_wconf 82' lang='lat' dir='ltr'>Cf.</span> <span class='ocrx_word' id='word_1_68' title='bbox 357 1613 437 1667; x_wconf 86' lang='lat' dir='ltr'>etiam</span> <span class='ocrx_word' id='word_1_69' title='bbox 454 1611 560 1684; x_wconf 81' lang='lat' dir='ltr'>(Pavre,</span> <span class='ocrx_word' id='word_1_70' title='bbox 580 1614 610 1670; x_wconf 90' lang='lat'>0.</span> <span class='ocrx_word' id='word_1_71' title='bbox 628 1617 663 1669; x_wconf 80' lang='lat' dir='ltr'>de</span> <span class='ocrx_word' id='word_1_72' title='bbox 681 1615 804 1685; x_wconf 65' lang='lat' dir='ltr'>Mwny,</span> <span class='ocrx_word' id='word_1_73' title='bbox 823 1615 874 1669; x_wconf 79' lang='lat'>182</span> <span class='ocrx_word' id='word_1_74' title='bbox 884 1632 936 1685; x_wconf 91' lang='lat' dir='ltr'>sqq</span> <span class='ocrx_word' id='word_1_75' title='bbox 955 1621 981 1668; x_wconf 89' lang='lat' dir='ltr'>et</span> <span class='ocrx_word' id='word_1_76' title='bbox 996 1613 1049 1666; x_wconf 78' lang='lat'>244</span> <span class='ocrx_word' id='word_1_77' title='bbox 1061 1614 1121 1682; x_wconf 85' lang='lat' dir='ltr'>sqq)</span> <span class='ocrx_word' id='word_1_78' title='bbox 1133 1611 1265 1682; x_wconf 91' lang='lat' dir='ltr'>quomodo</span> <span class='ocrx_word' id='word_1_79' title='bbox 1276 1609 1378 1680; x_wconf 80' lang='lat' dir='ltr'>Magny</span> 
     </span>
     <span class='ocr_line' id='line_1_11' title="bbox 255 1691 1376 1766; baseline -0.001 -24"><span class='ocrx_word' id='word_1_80' title='bbox 255 1691 373 1746; x_wconf 70' lang='lat' dir='ltr'>imitatus</span> <span class='ocrx_word' id='word_1_81' title='bbox 383 1693 416 1746; x_wconf 82' lang='lat' dir='ltr'>sit</span> <span class='ocrx_word' id='word_1_82' title='bbox 426 1693 570 1765; x_wconf 88' lang='lat' dir='ltr'>Catullum,</span> <span class='ocrx_word' id='word_1_83' title='bbox 583 1693 731 1766; x_wconf 82' lang='lat' dir='ltr'>Tibullum,</span> <span class='ocrx_word' id='word_1_84' title='bbox 743 1695 925 1766; x_wconf 78' lang='lat' dir='ltr'>Propertium,</span> <span class='ocrx_word' id='word_1_85' title='bbox 936 1693 1060 1748; x_wconf 82' lang='lat' dir='ltr'>Ovidium</span> <span class='ocrx_word' id='word_1_86' title='bbox 1074 1700 1154 1762; x_wconf 87' lang='lat' dir='ltr'>atque</span> <span class='ocrx_word' id='word_1_87' title='bbox 1168 1693 1376 1746; x_wconf 85' lang='lat' dir='ltr'>Anacreontem.</span> 
     </span>
    </p>
   </div>
   <div class='ocr_carea' id='block_1_4' title="bbox 291 1799 967 1857">
    <p class='ocr_par' dir='ltr' id='par_1_4' title="bbox 291 1799 967 1857">
     <span class='ocr_line' id='line_1_12' title="bbox 291 1799 967 1857; baseline 0.003 -3"><span class='ocrx_word' id='word_1_88' title='bbox 291 1799 301 1836; x_wconf 83' lang='lat'>¹</span> <span class='ocrx_word' id='word_1_89' title='bbox 666 1804 717 1856; x_wconf 85' lang='lat' dir='ltr'>Ad.</span> <span class='ocrx_word' id='word_1_90' title='bbox 740 1801 801 1856; x_wconf 93' lang='lat' dir='ltr'>Gul.</span> <span class='ocrx_word' id='word_1_91' title='bbox 828 1801 967 1857; x_wconf 88' lang='lat' dir='ltr'>Scaevam.</span> 
     </span>
    </p>
   </div>
   <div class='ocr_carea' id='block_1_5' title="bbox 377 1891 1160 3498">
    <p class='ocr_par' dir='ltr' id='par_1_5' title="bbox 377 1891 1160 3498">
     <span class='ocr_line' id='line_1_13' title="bbox 397 1891 1129 1960; baseline -0.001 -16"><span class='ocrx_word' id='word_1_92' title='bbox 397 1891 507 1945; x_wconf 71' lang='lat' dir='ltr'>Ganmta</span> <span class='ocrx_word' id='word_1_93' title='bbox 527 1900 567 1946; x_wconf 91' lang='lat' dir='ltr'>est</span> <span class='ocrx_word' id='word_1_94' title='bbox 575 1891 709 1959; x_wconf 86' lang='lat' dir='ltr'>Nemesi‚</span> <span class='ocrx_word' id='word_1_95' title='bbox 722 1899 830 1948; x_wconf 84' lang='lat' dir='ltr'>cantata</span> <span class='ocrx_word' id='word_1_96' title='bbox 845 1899 884 1946; x_wconf 88' lang='lat' dir='ltr'>est</span> <span class='ocrx_word' id='word_1_97' title='bbox 899 1891 1017 1960; x_wconf 88' lang='lat' dir='ltr'>Ciuthia,</span> <span class='ocrx_word' id='word_1_98' title='bbox 1034 1907 1129 1946; x_wconf 89' lang='lat' dir='ltr'>versus</span> 
     </span>
     <span class='ocr_line' id='line_1_14' title="bbox 469 1971 1066 2045; baseline -0.002 -20"><span class='ocrx_word' id='word_1_99' title='bbox 469 1971 562 2040; x_wconf 79' lang='lat' dir='ltr'>Stella,</span> <span class='ocrx_word' id='word_1_100' title='bbox 577 1982 637 2030; x_wconf 85' lang='lat' dir='ltr'>tuos</span> <span class='ocrx_word' id='word_1_101' title='bbox 650 1983 677 2029; x_wconf 88' lang='lat' dir='ltr'>et</span> <span class='ocrx_word' id='word_1_102' title='bbox 695 1975 785 2040; x_wconf 88' lang='lat' dir='ltr'>hahet,</span> <span class='ocrx_word' id='word_1_103' title='bbox 798 1971 880 2038; x_wconf 84' lang='lat' dir='ltr'>Naso,</span> <span class='ocrx_word' id='word_1_104' title='bbox 892 1973 982 2045; x_wconf 89' lang='lat' dir='ltr'>puella</span> <span class='ocrx_word' id='word_1_105' title='bbox 995 1979 1066 2028; x_wconf 90' lang='lat' dir='ltr'>tuos.</span> 
     </span>
     <span class='ocr_line' id='line_1_15' title="bbox 398 2047 1105 2124; baseline 0 -20"><span class='ocrx_word' id='word_1_106' title='bbox 398 2047 432 2104; x_wconf 80' lang='lat' dir='ltr'>m</span> <span class='ocrx_word' id='word_1_107' title='bbox 449 2051 497 2104; x_wconf 93' lang='lat' dir='ltr'>tibi</span> <span class='ocrx_word' id='word_1_108' title='bbox 514 2049 653 2122; x_wconf 86' lang='lat' dir='ltr'>Quintilla,</span> <span class='ocrx_word' id='word_1_109' title='bbox 669 2059 696 2108; x_wconf 90' lang='lat' dir='ltr'>et</span> <span class='ocrx_word' id='word_1_110' title='bbox 706 2053 772 2108; x_wconf 89' lang='lat' dir='ltr'>satis</span> <span class='ocrx_word' id='word_1_111' title='bbox 791 2054 896 2109; x_wconf 88' lang='lat' dir='ltr'>esttibi</span> <span class='ocrx_word' id='word_1_112' title='bbox 913 2059 977 2108; x_wconf 88' lang='lat' dir='ltr'>uota</span> <span class='ocrx_word' id='word_1_113' title='bbox 991 2051 1105 2124; x_wconf 85' lang='lat' dir='ltr'>Lycoris</span> 
     </span>
     <span class='ocr_line' id='line_1_16' title="bbox 468 2129 985 2206; baseline 0.004 -20"><span class='ocrx_word' id='word_1_114' title='bbox 468 2129 529 2188; x_wconf 87' lang='lat' dir='ltr'>Sive</span> <span class='ocrx_word' id='word_1_115' title='bbox 539 2135 576 2188; x_wconf 90' lang='lat' dir='ltr'>sis</span> <span class='ocrx_word' id='word_1_116' title='bbox 590 2131 685 2198; x_wconf 78' lang='lat' dir='ltr'>AEous,</span> <span class='ocrx_word' id='word_1_117' title='bbox 699 2133 756 2188; x_wconf 89' lang='lat' dir='ltr'>sive</span> <span class='ocrx_word' id='word_1_118' title='bbox 774 2133 812 2190; x_wconf 90' lang='lat' dir='ltr'>sis</span> <span class='ocrx_word' id='word_1_119' title='bbox 826 2135 985 2206; x_wconf 89' lang='lat' dir='ltr'>Hesperius.</span> 
     </span>
     <span class='ocr_line' id='line_1_17' title="bbox 396 2211 1055 2286; baseline 0.005 -21"><span class='ocrx_word' id='word_1_120' title='bbox 396 2211 491 2266; x_wconf 87' lang='lat' dir='ltr'>Lesbia</span> <span class='ocrx_word' id='word_1_121' title='bbox 502 2213 565 2268; x_wconf 84' lang='lat' dir='ltr'>vivit</span> <span class='ocrx_word' id='word_1_122' title='bbox 579 2215 677 2282; x_wconf 90' lang='lat' dir='ltr'>adhuc,</span> <span class='ocrx_word' id='word_1_123' title='bbox 693 2222 719 2271; x_wconf 88' lang='lat' dir='ltr'>et</span> <span class='ocrx_word' id='word_1_124' title='bbox 733 2232 783 2286; x_wconf 87' lang='lat' dir='ltr'>per</span> <span class='ocrx_word' id='word_1_125' title='bbox 798 2223 828 2282; x_wconf 69' lang='lat' dir='ltr'>te,</span> <span class='ocrx_word' id='word_1_126' title='bbox 844 2215 955 2279; x_wconf 81' lang='lat' dir='ltr'>Fannia,</span> <span class='ocrx_word' id='word_1_127' title='bbox 972 2221 1055 2278; x_wconf 90' lang='lat' dir='ltr'>vates,</span> 
     </span>
     <span class='ocr_line' id='line_1_18' title="bbox 468 2289 1110 2367; baseline 0.002 -21"><span class='ocrx_word' id='word_1_128' title='bbox 468 2289 566 2350; x_wconf 83' lang='lat' dir='ltr'>Vivere</span> <span class='ocrx_word' id='word_1_129' title='bbox 585 2311 646 2349; x_wconf 91' lang='lat' dir='ltr'>cum</span> <span class='ocrx_word' id='word_1_130' title='bbox 665 2297 771 2366; x_wconf 83' lang='lat' dir='ltr'>priscis,</span> <span class='ocrx_word' id='word_1_131' title='bbox 793 2295 1006 2367; x_wconf 77' lang='lat' dir='ltr'>Parthenopaeo,</span> <span class='ocrx_word' id='word_1_132' title='bbox 1023 2297 1110 2366; x_wconf 89' lang='lat' dir='ltr'>potest</span> 
     </span>
     <span class='ocr_line' id='line_1_19' title="bbox 396 2369 1072 2447; baseline 0.004 -22"><span class='ocrx_word' id='word_1_133' title='bbox 396 2369 521 2445; x_wconf 84' lang='lat' dir='ltr'>Phyllida</span> <span class='ocrx_word' id='word_1_134' title='bbox 539 2381 628 2431; x_wconf 89' lang='lat' dir='ltr'>nescio</span> <span class='ocrx_word' id='word_1_135' title='bbox 641 2377 711 2447; x_wconf 87' lang='lat' dir='ltr'>quis,</span> <span class='ocrx_word' id='word_1_136' title='bbox 726 2383 752 2429; x_wconf 91' lang='lat' dir='ltr'>te</span> <span class='ocrx_word' id='word_1_137' title='bbox 765 2375 855 2430; x_wconf 87' lang='lat' dir='ltr'>Caelia</span> <span class='ocrx_word' id='word_1_138' title='bbox 866 2375 977 2447; x_wconf 91' lang='lat' dir='ltr'>protulit</span> <span class='ocrx_word' id='word_1_139' title='bbox 990 2373 1072 2447; x_wconf 75' lang='lat' dir='ltr'>alte‘r,</span> 
     </span>
     <span class='ocr_line' id='line_1_20' title="bbox 377 2455 1049 2522; baseline 0.006 -16"><span class='ocrx_word' id='word_1_140' title='bbox 377 2496 383 2506; x_wconf 88' lang='lat'><em>.</em></span> <span class='ocrx_word' id='word_1_141' title='bbox 467 2455 545 2510; x_wconf 90' lang='lat' dir='ltr'>Galla</span> <span class='ocrx_word' id='word_1_142' title='bbox 560 2474 622 2510; x_wconf 90' lang='lat' dir='ltr'>suas</span> <span class='ocrx_word' id='word_1_143' title='bbox 632 2457 735 2522; x_wconf 84' lang='lat' dir='ltr'>laudea,</span> <span class='ocrx_word' id='word_1_144' title='bbox 754 2473 786 2512; x_wconf 89' lang='lat' dir='ltr'>ac</span> <span class='ocrx_word' id='word_1_145' title='bbox 799 2457 964 2511; x_wconf 88' lang='lat' dir='ltr'>habetAura</span> <span class='ocrx_word' id='word_1_146' title='bbox 979 2473 1049 2511; x_wconf 88' lang='lat' dir='ltr'>suas.</span> 
     </span>
     <span class='ocr_line' id='line_1_21' title="bbox 395 2535 1089 2606; baseline 0.001 -14"><span class='ocrx_word' id='word_1_147' title='bbox 395 2535 510 2594; x_wconf 87' lang='lat' dir='ltr'>Nomine</span> <span class='ocrx_word' id='word_1_148' title='bbox 519 2540 567 2594; x_wconf 87' lang='lat' dir='ltr'>sed</span> <span class='ocrx_word' id='word_1_149' title='bbox 585 2539 667 2594; x_wconf 88' lang='lat' dir='ltr'>ficto:</span> <span class='ocrx_word' id='word_1_150' title='bbox 683 2541 735 2593; x_wconf 84' lang='lat' dir='ltr'>fuit</span> <span class='ocrx_word' id='word_1_151' title='bbox 746 2539 814 2595; x_wconf 89' lang='lat' dir='ltr'>haec</span> <span class='ocrx_word' id='word_1_152' title='bbox 832 2541 1089 2606; x_wconf 65' lang='lat' dir='ltr'>reverendarum,</span> 
     </span>
     <span class='ocr_line' id='line_1_22' title="bbox 464 2617 1119 2692; baseline 0.002 -19"><span class='ocrx_word' id='word_1_153' title='bbox 464 2617 505 2674; x_wconf 86' lang='lat' dir='ltr'>Ne</span> <span class='ocrx_word' id='word_1_154' title='bbox 520 2619 584 2692; x_wconf 85' lang='lat' dir='ltr'>quid</span> <span class='ocrx_word' id='word_1_155' title='bbox 595 2619 624 2672; x_wconf 90' lang='lat' dir='ltr'>iu</span> <span class='ocrx_word' id='word_1_156' title='bbox 639 2621 687 2674; x_wconf 91' lang='lat' dir='ltr'>has</span> <span class='ocrx_word' id='word_1_157' title='bbox 697 2619 800 2674; x_wconf 76' lang='lat' dir='ltr'>temere</span> <span class='ocrx_word' id='word_1_158' title='bbox 813 2621 883 2689; x_wconf 84' lang='lat' dir='ltr'>juris</span> <span class='ocrx_word' id='word_1_159' title='bbox 893 2620 1005 2674; x_wconf 85' lang='lat' dir='ltr'>haberet</span> <span class='ocrx_word' id='word_1_160' title='bbox 1022 2621 1119 2674; x_wconf 78' lang='lat' dir='ltr'>Amor.</span> 
     </span>
     <span class='ocr_line' id='line_1_23' title="bbox 395 2697 1160 2771; baseline 0 -17"><span class='ocrx_word' id='word_1_161' title='bbox 395 2697 502 2754; x_wconf 88' lang='lat' dir='ltr'>Scilicet</span> <span class='ocrx_word' id='word_1_162' title='bbox 518 2701 569 2754; x_wconf 89' lang='lat' dir='ltr'>hoo</span> <span class='ocrx_word' id='word_1_163' title='bbox 580 2708 691 2771; x_wconf 88' lang='lat' dir='ltr'>possunt</span> <span class='ocrx_word' id='word_1_164' title='bbox 707 2703 811 2764; x_wconf 83' lang='lat' dir='ltr'>Musae,</span> <span class='ocrx_word' id='word_1_165' title='bbox 828 2709 858 2755; x_wconf 93' lang='lat' dir='ltr'>ut</span> <span class='ocrx_word' id='word_1_166' title='bbox 870 2702 927 2754; x_wconf 90' lang='lat' dir='ltr'>sine</span> <span class='ocrx_word' id='word_1_167' title='bbox 947 2700 1059 2754; x_wconf 90' lang='lat' dir='ltr'>crimine</span> <span class='ocrx_word' id='word_1_168' title='bbox 1073 2699 1160 2754; x_wconf 83' lang='lat' dir='ltr'>famae</span> 
     </span>
     <span class='ocr_line' id='line_1_24' title="bbox 465 2779 1005 2836; baseline 0 -2"><span class='ocrx_word' id='word_1_169' title='bbox 465 2779 578 2835; x_wconf 81' lang='lat' dir='ltr'>Vatibus</span> <span class='ocrx_word' id='word_1_170' title='bbox 592 2787 730 2836; x_wconf 88' lang='lat' dir='ltr'>aeterneut</span> <span class='ocrx_word' id='word_1_171' title='bbox 748 2781 830 2836; x_wconf 87' lang='lat' dir='ltr'>corda</span> <span class='ocrx_word' id='word_1_172' title='bbox 841 2781 928 2836; x_wconf 89' lang='lat' dir='ltr'>dicata</span> <span class='ocrx_word' id='word_1_173' title='bbox 941 2781 1005 2835; x_wconf 91' lang='grc' dir='ltr'>ιιιιι.</span> 
     </span>
     <span class='ocr_line' id='line_1_25' title="bbox 394 2859 999 2932; baseline -0.002 -15"><span class='ocrx_word' id='word_1_174' title='bbox 394 2859 432 2917; x_wconf 88' lang='lat' dir='ltr'>Ut</span> <span class='ocrx_word' id='word_1_175' title='bbox 444 2859 539 2915; x_wconf 85' lang='lat' dir='ltr'>sileam</span> <span class='ocrx_word' id='word_1_176' title='bbox 549 2868 664 2929; x_wconf 85' lang='lat' dir='ltr'>veteres,</span> <span class='ocrx_word' id='word_1_177' title='bbox 681 2862 720 2917; x_wconf 87' lang='lat' dir='ltr'>sic</span> <span class='ocrx_word' id='word_1_178' title='bbox 736 2869 773 2916; x_wconf 92' lang='lat' dir='ltr'>tot</span> <span class='ocrx_word' id='word_1_179' title='bbox 787 2862 891 2917; x_wconf 88' lang='lat' dir='ltr'>victura</span> <span class='ocrx_word' id='word_1_180' title='bbox 902 2859 999 2932; x_wconf 88' lang='lat' dir='ltr'>puellis</span> 
     </span>
     <span class='ocr_line' id='line_1_26' title="bbox 464 2941 1068 3014; baseline 0.002 -18"><span class='ocrx_word' id='word_1_181' title='bbox 464 2941 562 2996; x_wconf 89' lang='lat' dir='ltr'>Nostra</span> <span class='ocrx_word' id='word_1_182' title='bbox 572 2959 625 2996; x_wconf 92' lang='lat' dir='ltr'>uno</span> <span class='ocrx_word' id='word_1_183' title='bbox 639 2951 728 2997; x_wconf 88' lang='lat' dir='ltr'>vatum</span> <span class='ocrx_word' id='word_1_184' title='bbox 743 2959 855 2997; x_wconf 89' lang='lat' dir='ltr'>munere</span> <span class='ocrx_word' id='word_1_185' title='bbox 873 2941 946 2997; x_wconf 87' lang='lat' dir='ltr'>secla</span> <span class='ocrx_word' id='word_1_186' title='bbox 965 2949 1068 3014; x_wconf 88' lang='lat' dir='ltr'>patent.</span> 
     </span>
     <span class='ocr_line' id='line_1_27' title="bbox 393 3021 1142 3091; baseline 0.001 -15"><span class='ocrx_word' id='word_1_187' title='bbox 393 3021 468 3076; x_wconf 87' lang='lat' dir='ltr'>Delia</span> <span class='ocrx_word' id='word_1_188' title='bbox 480 3021 535 3075; x_wconf 92' lang='lat' dir='ltr'>iam</span> <span class='ocrx_word' id='word_1_189' title='bbox 545 3021 685 3091; x_wconf 88' lang='lat' dir='ltr'>Rhodano,</span> <span class='ocrx_word' id='word_1_190' title='bbox 702 3025 756 3076; x_wconf 85' lang='lat' dir='ltr'>iam</span> <span class='ocrx_word' id='word_1_191' title='bbox 775 3023 884 3077; x_wconf 86' lang='lat' dir='ltr'>Glaucia</span> <span class='ocrx_word' id='word_1_192' title='bbox 902 3031 965 3077; x_wconf 89' lang='lat' dir='ltr'>nota</span> <span class='ocrx_word' id='word_1_193' title='bbox 978 3023 1142 3090; x_wconf 85' lang='lat' dir='ltr'>Garumnae,</span> 
     </span>
     <span class='ocr_line' id='line_1_28' title="bbox 465 3103 1039 3174; baseline 0.005 -19"><span class='ocrx_word' id='word_1_194' title='bbox 465 3103 551 3174; x_wconf 87' lang='lat' dir='ltr'>Tybri</span> <span class='ocrx_word' id='word_1_195' title='bbox 564 3110 623 3157; x_wconf 87' lang='lat' dir='ltr'>tuas</span> <span class='ocrx_word' id='word_1_196' title='bbox 637 3105 752 3174; x_wconf 83' lang='lat' dir='ltr'>profers,</span> <span class='ocrx_word' id='word_1_197' title='bbox 768 3106 857 3158; x_wconf 82' lang='lat' dir='ltr'>exeris</span> <span class='ocrx_word' id='word_1_198' title='bbox 876 3105 950 3158; x_wconf 87' lang='lat' dir='ltr'>Arne</span> <span class='ocrx_word' id='word_1_199' title='bbox 969 3111 1039 3158; x_wconf 90' lang='lat' dir='ltr'>tuas.</span> 
     </span>
     <span class='ocr_line' id='line_1_29' title="bbox 396 3183 1140 3256; baseline -0.001 -18"><span class='ocrx_word' id='word_1_200' title='bbox 396 3183 440 3238; x_wconf 91' lang='lat' dir='ltr'>Sic</span> <span class='ocrx_word' id='word_1_201' title='bbox 455 3190 510 3247; x_wconf 89' lang='lat' dir='ltr'>tua,</span> <span class='ocrx_word' id='word_1_202' title='bbox 525 3197 605 3254; x_wconf 89' lang='lat' dir='ltr'>quae,</span> <span class='ocrx_word' id='word_1_203' title='bbox 625 3189 747 3238; x_wconf 84' lang='lat' dir='ltr'>veterum</span> <span class='ocrx_word' id='word_1_204' title='bbox 761 3191 834 3237; x_wconf 86' lang='lat' dir='ltr'>vates</span> <span class='ocrx_word' id='word_1_205' title='bbox 849 3200 901 3237; x_wconf 90' lang='lat' dir='ltr'>non</span> <span class='ocrx_word' id='word_1_206' title='bbox 913 3186 1029 3256; x_wconf 87' lang='lat' dir='ltr'>pessime</span> <span class='ocrx_word' id='word_1_207' title='bbox 1050 3189 1140 3238; x_wconf 87' lang='lat' dir='ltr'>vatum</span> 
     </span>
     <span class='ocr_line' id='line_1_30' title="bbox 464 3263 1098 3334; baseline 0 -17"><span class='ocrx_word' id='word_1_208' title='bbox 464 3264 649 3329; x_wconf 83' lang='lat' dir='ltr'>Scaeva,01im</span> <span class='ocrx_word' id='word_1_209' title='bbox 663 3263 800 3319; x_wconf 82' lang='lat' dir='ltr'>acalamls</span> <span class='ocrx_word' id='word_1_210' title='bbox 814 3265 842 3317; x_wconf 93' lang='lat' dir='ltr'>in</span> <span class='ocrx_word' id='word_1_211' title='bbox 856 3271 901 3318; x_wconf 89' lang='lat' dir='ltr'>tua</span> <span class='ocrx_word' id='word_1_212' title='bbox 914 3265 1019 3334; x_wconf 83' lang='lat' dir='ltr'>plectra</span> <span class='ocrx_word' id='word_1_213' title='bbox 1033 3266 1098 3332; x_wconf 89' lang='lat' dir='ltr'>ruit,</span> 
     </span>
     <span class='ocr_line' id='line_1_31' title="bbox 393 3343 1023 3416; baseline 0.002 -19"><span class='ocrx_word' id='word_1_214' title='bbox 393 3343 494 3416; x_wconf 76' lang='lat' dir='ltr'>sylvia,</span> <span class='ocrx_word' id='word_1_215' title='bbox 515 3351 553 3398; x_wconf 91' lang='lat' dir='ltr'>tot</span> <span class='ocrx_word' id='word_1_216' title='bbox 567 3347 665 3399; x_wconf 90' lang='lat' dir='ltr'>meruit</span> <span class='ocrx_word' id='word_1_217' title='bbox 678 3347 789 3400; x_wconf 91' lang='lat' dir='ltr'>mentito</span> <span class='ocrx_word' id='word_1_218' title='bbox 804 3347 910 3400; x_wconf 88' lang='lat' dir='ltr'>nomine</span> <span class='ocrx_word' id='word_1_219' title='bbox 921 3351 1023 3410; x_wconf 84' lang='lat' dir='ltr'>cantus,</span> 
     </span>
     <span class='ocr_line' id='line_1_32' title="bbox 464 3425 1064 3498; baseline 0.007 -20"><span class='ocrx_word' id='word_1_220' title='bbox 464 3425 517 3479; x_wconf 89' lang='lat' dir='ltr'>Tot</span> <span class='ocrx_word' id='word_1_221' title='bbox 529 3425 640 3496; x_wconf 85' lang='lat' dir='ltr'>lyricos,</span> <span class='ocrx_word' id='word_1_222' title='bbox 653 3431 680 3480; x_wconf 90' lang='lat' dir='ltr'>et</span> <span class='ocrx_word' id='word_1_223' title='bbox 698 3431 736 3480; x_wconf 90' lang='lat' dir='ltr'>tot</span> <span class='ocrx_word' id='word_1_224' title='bbox 751 3426 881 3498; x_wconf 84' lang='lat' dir='ltr'>carmina,</span> <span class='ocrx_word' id='word_1_225' title='bbox 895 3431 963 3480; x_wconf 87' lang='lat' dir='ltr'>teste</span> <span class='ocrx_word' id='word_1_226' title='bbox 982 3427 1064 3482; x_wconf 90' lang='lat' dir='ltr'>Pado.</span> 
     </span>
    </p>
   </div>
   <div class='ocr_carea' id='block_1_6' title="bbox 458 3550 1336 4264">
    <p class='ocr_par' dir='ltr' id='par_1_6' title="bbox 458 3550 1336 4264">
     <span class='ocr_line' id='line_1_33' title="bbox 1123 3550 1336 3624; baseline 0 -18"><span class='ocrx_word' id='word_1_227' title='bbox 1123 3550 1269 3622; x_wconf 88' lang='lat' dir='ltr'>(Vulteius,</span> <span class='ocrx_word' id='word_1_228' title='bbox 1290 3551 1336 3624; x_wconf 82' lang='lat'>90)</span> 
     </span>
     <span class='ocr_line' id='line_1_34' title="bbox 463 3629 1128 3701; baseline 0.003 -17"><span class='ocrx_word' id='word_1_229' title='bbox 463 3631 569 3684; x_wconf 90' lang='lat' dir='ltr'>Macrin</span> <span class='ocrx_word' id='word_1_230' title='bbox 581 3647 610 3684; x_wconf 88' lang='lat' dir='ltr'>sa</span> <span class='ocrx_word' id='word_1_231' title='bbox 624 3629 731 3684; x_wconf 83' lang='lat' dir='ltr'>Gelonis</span> <span class='ocrx_word' id='word_1_232' title='bbox 745 3631 812 3684; x_wconf 90' lang='lat' dir='ltr'>reud</span> <span class='ocrx_word' id='word_1_233' title='bbox 822 3648 873 3701; x_wconf 90' lang='lat' dir='ltr'>par</span> <span class='ocrx_word' id='word_1_234' title='bbox 884 3648 947 3686; x_wconf 85' lang='lat' dir='ltr'>vers</span> <span class='ocrx_word' id='word_1_235' title='bbox 964 3630 1128 3700; x_wconf 80' lang='lat' dir='ltr'>immortale,</span> 
     </span>
     <span class='ocr_line' id='line_1_35' title="bbox 463 3709 1169 3778; baseline 0 -14"><span class='ocrx_word' id='word_1_236' title='bbox 463 3713 563 3764; x_wconf 88' lang='lat' dir='ltr'>Pontus</span> <span class='ocrx_word' id='word_1_237' title='bbox 575 3727 604 3764; x_wconf 90' lang='lat' dir='ltr'>sa</span> <span class='ocrx_word' id='word_1_238' title='bbox 617 3709 752 3778; x_wconf 78' lang='lat' dir='ltr'>Pasithea,</span> <span class='ocrx_word' id='word_1_239' title='bbox 768 3717 794 3765; x_wconf 86' lang='lat' dir='ltr'>et</span> <span class='ocrx_word' id='word_1_240' title='bbox 808 3713 932 3765; x_wconf 88' lang='lat' dir='ltr'>Ronsard</span> <span class='ocrx_word' id='word_1_241' title='bbox 947 3729 977 3765; x_wconf 88' lang='lat' dir='ltr'>sa</span> <span class='ocrx_word' id='word_1_242' title='bbox 996 3711 1147 3766; x_wconf 76' lang='lat' dir='ltr'>Cassandro</span> <span class='ocrx_word' id='word_1_243' title='bbox 1162 3728 1169 3764; x_wconf 76' lang='grc' dir='ltr'>ι</span> 
     </span>
     <span class='ocr_line' id='line_1_36' title="bbox 464 3790 1129 3862; baseline 0.005 -19"><span class='ocrx_word' id='word_1_244' title='bbox 464 3793 503 3844; x_wconf 85' lang='lat' dir='ltr'>Du</span> <span class='ocrx_word' id='word_1_245' title='bbox 519 3791 612 3862; x_wconf 88' lang='lat' dir='ltr'>Bellay</span> <span class='ocrx_word' id='word_1_246' title='bbox 628 3790 654 3846; x_wconf 89' lang='lat' dir='ltr'>le</span> <span class='ocrx_word' id='word_1_247' title='bbox 672 3790 713 3845; x_wconf 92' lang='lat' dir='ltr'>los</span> <span class='ocrx_word' id='word_1_248' title='bbox 732 3793 779 3844; x_wconf 84' lang='lat' dir='ltr'>tait</span> <span class='ocrx_word' id='word_1_249' title='bbox 789 3794 821 3846; x_wconf 90' lang='lat' dir='ltr'>de</span> <span class='ocrx_word' id='word_1_250' title='bbox 838 3809 884 3846; x_wconf 91' lang='lat' dir='ltr'>sou</span> <span class='ocrx_word' id='word_1_251' title='bbox 900 3792 976 3846; x_wconf 87' lang='lat' dir='ltr'>Oltve</span> <span class='ocrx_word' id='word_1_252' title='bbox 991 3793 1129 3857; x_wconf 89' lang='lat' dir='ltr'>entendre‚</span> 
     </span>
     <span class='ocr_line' id='line_1_37' title="bbox 462 3871 974 3941; baseline 0.004 -16"><span class='ocrx_word' id='word_1_253' title='bbox 462 3874 584 3926; x_wconf 73' lang='lat' dir='ltr'>liternino</span> <span class='ocrx_word' id='word_1_254' title='bbox 599 3871 726 3926; x_wconf 86' lang='lat' dir='ltr'>Muretsa</span> <span class='ocrx_word' id='word_1_255' title='bbox 740 3873 876 3941; x_wconf 86' lang='lat' dir='ltr'>Margaris</span> <span class='ocrx_word' id='word_1_256' title='bbox 886 3873 974 3927; x_wconf 87' lang='lat' dir='ltr'>fidele.</span> 
     </span>
     <span class='ocr_line' id='line_1_38' title="bbox 458 3951 1045 4025; baseline 0.003 -20"><span class='ocrx_word' id='word_1_257' title='bbox 458 3953 493 4005; x_wconf 88' lang='lat' dir='ltr'>Sa</span> <span class='ocrx_word' id='word_1_258' title='bbox 513 3952 606 4006; x_wconf 86' lang='lat' dir='ltr'>Salute</span> <span class='ocrx_word' id='word_1_259' title='bbox 621 3951 785 4007; x_wconf 85' lang='lat' dir='ltr'>Des-Autels</span> <span class='ocrx_word' id='word_1_260' title='bbox 796 3954 883 4007; x_wconf 89' lang='lat' dir='ltr'>desire</span> <span class='ocrx_word' id='word_1_261' title='bbox 897 3962 967 4007; x_wconf 88' lang='lat' dir='ltr'>toute</span> <span class='ocrx_word' id='word_1_262' title='bbox 983 3952 1045 4025; x_wconf 87' lang='lat' dir='ltr'>telc,</span> 
     </span>
     <span class='ocr_line' id='line_1_39' title="bbox 459 4031 1169 4102; baseline 0.006 -19"><span class='ocrx_word' id='word_1_263' title='bbox 459 4032 516 4096; x_wconf 87' lang='lat' dir='ltr'>Que</span> <span class='ocrx_word' id='word_1_264' title='bbox 530 4048 573 4086; x_wconf 90' lang='lat' dir='ltr'>ses</span> <span class='ocrx_word' id='word_1_265' title='bbox 591 4033 678 4086; x_wconf 79' lang='lat' dir='ltr'>freres</span> <span class='ocrx_word' id='word_1_266' title='bbox 696 4033 792 4097; x_wconf 89' lang='lat' dir='ltr'>divlns,</span> <span class='ocrx_word' id='word_1_267' title='bbox 804 4031 877 4086; x_wconf 89' lang='lat' dir='ltr'>leurs</span> <span class='ocrx_word' id='word_1_268' title='bbox 892 4035 1046 4102; x_wconf 79' lang='lat' dir='ltr'>gracieuses</span> <span class='ocrx_word' id='word_1_269' title='bbox 1060 4031 1169 4089; x_wconf 90' lang='lat' dir='ltr'>rendre.</span> 
     </span>
     <span class='ocr_line' id='line_1_40' title="bbox 462 4111 1121 4184; baseline 0.003 -20"><span class='ocrx_word' id='word_1_270' title='bbox 462 4113 513 4164; x_wconf 86' lang='lat' dir='ltr'>Les</span> <span class='ocrx_word' id='word_1_271' title='bbox 526 4115 617 4165; x_wconf 88' lang='lat' dir='ltr'>dames</span> <span class='ocrx_word' id='word_1_272' title='bbox 626 4119 686 4166; x_wconf 90' lang='lat' dir='ltr'>sont</span> <span class='ocrx_word' id='word_1_273' title='bbox 699 4111 793 4184; x_wconf 85' lang='lat' dir='ltr'>l&#39;objet</span> <span class='ocrx_word' id='word_1_274' title='bbox 808 4115 840 4166; x_wconf 90' lang='lat' dir='ltr'>de</span> <span class='ocrx_word' id='word_1_275' title='bbox 850 4113 875 4166; x_wconf 93' lang='lat' dir='ltr'>la</span> <span class='ocrx_word' id='word_1_276' title='bbox 887 4117 1014 4183; x_wconf 83' lang='lat' dir='ltr'>jeunesse</span> <span class='ocrx_word' id='word_1_277' title='bbox 1026 4116 1121 4168; x_wconf 90' lang='lat' dir='ltr'>teudre</span> 
     </span>
     <span class='ocr_line' id='line_1_41' title="bbox 461 4193 1157 4264; baseline 0.004 -19"><span class='ocrx_word' id='word_1_278' title='bbox 461 4193 516 4245; x_wconf 85' lang='lat' dir='ltr'>Par</span> <span class='ocrx_word' id='word_1_279' title='bbox 534 4193 659 4246; x_wconf 90' lang='lat' dir='ltr'>nombres</span> <span class='ocrx_word' id='word_1_280' title='bbox 674 4209 796 4248; x_wconf 85' lang='lat' dir='ltr'>mesurez</span> <span class='ocrx_word' id='word_1_281' title='bbox 811 4195 856 4264; x_wconf 91' lang='lat' dir='ltr'>qui</span> <span class='ocrx_word' id='word_1_282' title='bbox 872 4211 915 4248; x_wconf 87' lang='lat' dir='ltr'>ses</span> <span class='ocrx_word' id='word_1_283' title='bbox 935 4210 1044 4248; x_wconf 88' lang='lat' dir='ltr'>amours</span> <span class='ocrx_word' id='word_1_284' title='bbox 1054 4195 1157 4249; x_wconf 89' lang='lat' dir='ltr'>decele.</span> 
     </span>
    </p>
   </div>
   <div class='ocr_carea' id='block_1_7' title="bbox 817 4325 1316 4402">
    <p class='ocr_par' dir='ltr' id='par_1_7' title="bbox 817 4325 1316 4402">
     <span class='ocr_line' id='line_1_42' title="bbox 817 4325 1316 4402; baseline 0.004 -20"><span class='ocrx_word' id='word_1_285' title='bbox 817 4325 925 4398; x_wconf 87' lang='lat' dir='ltr'>(Charle</span> <span class='ocrx_word' id='word_1_286' title='bbox 944 4327 1077 4397; x_wconf 82' lang='lat' dir='ltr'>Fonteiae,</span> <span class='ocrx_word' id='word_1_287' title='bbox 1093 4327 1187 4392; x_wconf 76' lang='lat' dir='ltr'>Erat,</span> <span class='ocrx_word' id='word_1_288' title='bbox 1201 4347 1228 4399; x_wconf 93' lang='lat' dir='ltr'>p.</span> <span class='ocrx_word' id='word_1_289' title='bbox 1241 4329 1316 4402; x_wconf 85' lang='lat'><strong>106.)</strong></span> 
     </span>
    </p>
   </div>
   <div class='ocr_carea' id='block_1_8' title="bbox 0 0 1566 4988">
    <p class='ocr_par' dir='ltr' id='par_1_8' title="bbox 0 0 1566 4988">
     <span class='ocr_line' id='line_1_43' title="bbox 0 0 1566 4988; baseline 0 5"><span class='ocrx_word' id='word_1_290' title='bbox 0 0 1566 4988; x_wconf 95' lang='lat' dir='ltr'> </span> 
     </span>
    </p>
   </div>
  </div>
 </body>
</html>
