3124 4988
573 413 618 464 Du
636 412 905 466 EPIGRAMMATIS
1270 415 1301 464 83

73 539 79 546 ’
175 557 382 653 indagandis
402 557 502 627 unice
527 566 740 652 occupatum.
770 558 904 630 Verum
929 558 966 629 iu
991 558 1050 630 illa
1074 558 1301 652 indagatione

177 695 245 743 non
271 672 383 744 solum
407 696 477 743 nou
506 673 644 744 omuino
673 671 754 744 felix
777 672 853 765 fuit,
881 674 942 746 sed
963 675 1139 746 interdum
1159 675 1303 745 minime

178 789 285 860 comis
301 796 334 860 et
351 789 517 861 urbanus.
543 787 696 860 Pulchre
721 798 754 860 et
770 813 840 860 uon
861 790 936 862 sine
961 789 1101 862 solertia
1121 788 1302 882 reginam1

178 904 293 976 laudat
307 928 385 976 cum
402 904 501 977 illam
519 905 696 999 praedicet
711 906 866 976 omnium
887 906 1070 978 mulierum
1096 928 1173 977 esse
1196 906 1302 998 louge

177 1019 467 1092 formosissimam
480 1028 610 1115 atquae
620 1021 712 1114 apud
723 1023 886 1117 aequales
897 1030 933 1093 et
943 1044 1032 1117 quae
1042 1020 1303 1116 apudautiquos

177 1135 1303 1235 formaedecoreflorueriut3sednequaquamfelixfuissevidetur

178 1252 239 1334 ubi
264 1253 491 1324 Helionoram
519 1253 677 1325 Helenae
704 1255 927 1348 comparavit,
963 1254 1118 1350 quamvis
1148 1254 1303 1326 Graecae

178 1368 347 1441 Gallicam
378 1369 560 1441 mulierem
588 1378 790 1465 anteponat,
815 1371 940 1466 quippe
967 1395 1046 1442 cum
1071 1370 1303 1441 dissensiones

179 1477 267 1548 haec
283 1476 394 1566 sedet,
412 1476 473 1550 illa
497 1487 612 1550 autem
626 1478 786 1549 concitet.
807 1477 957 1549 Felicior
973 1477 1040 1548 fuit
1057 1485 1091 1549 et
1109 1476 1303 1570 elegantior

181 1594 262 1664 dum
286 1604 463 1688 nuncupat
483 1594 674 1666 Candidam
694 1595 946 1689 praestantiore
970 1618 1046 1666 esse
1068 1593 1180 1666 forma
1199 1617 1302 1689 quam

184 1720 223 1782 ut
236 1710 391 1802 imagine
407 1719 441 1783 et
451 1711 585 1807 pictura
599 1711 744 1806 exprimi
756 1711 864 1805 possit
874 1709 900 1784 ².
928 1711 998 1783 Sed
1011 1711 1092 1808 quid
1107 1710 1217 1782 libero
1229 1710 1304 1781 viro

181 1835 215 1897 et
242 1827 387 1898 honesto
413 1827 592 1921 indignius
615 1850 718 1922 quam
746 1826 830 1898 illud
851 1827 1065 1922 epigramma
1089 1826 1132 1900 de
1153 1829 1305 1899 Veneris

185 1950 297 2015 statua
317 1943 537 2014 Franciscol
565 1966 583 2014 a
600 1943 720 2015 Reuzo
741 1941 883 2014 oblata?
909 1943 1084 2016 Meritone
1111 1953 1305 2016 assentator

183 2056 289 2130 fuisse
307 2067 341 2129 et
355 2057 499 2129 humilis
514 2065 549 2129 et
559 2051 831 2130 contemnendus
846 2057 906 2130 ille
922 2059 988 2130 dici
1003 2068 1116 2152 potest
1130 2069 1229 2154 poeta
1247 2061 1306 2155 qui

181 2197 286 2246 ausus
305 2175 348 2245 sit
368 2172 523 2246 scribere
543 2175 717 2245 Venerem
734 2175 876 2268 ipsame
894 2199 912 2244 u
931 2175 1010 2269 polo
1030 2199 1049 2246 u
1067 2174 1302 2266 descendisse,

181 2289 295 2364 Marte
316 2291 472 2385 Joveque
496 2289 641 2378 relictis,
662 2290 752 2381 quod
767 2313 888 2384 regem
903 2291 1074 2363 Gallicum
1090 2294 1255 2388 majorem
1271 2302 1304 2365 et

181 2408 259 2501 polo
275 2417 308 2478 et
322 2407 437 2478 Marte
456 2414 489 2477 et
507 2407 595 2478 Jove
611 2406 691 2498 ipso
714 2404 884 2477 haberet?
903 2407 980 2478 Una
1008 2416 1124 2480 tamen
1147 2408 1302 2481 defensio

181 2525 344 2612 occurrit,
357 2521 447 2618 quod
459 2521 528 2593 illis
538 2522 751 2616 temporibus
769 2532 890 2616 poetae
906 2522 954 2594 sic
973 2523 1066 2619 loqui
1085 2525 1304 2598 solebant-.-

181 2642 300 2712 Miuus
317 2639 453 2711 curioso
469 2647 502 2710 et
516 2638 678 2710 allectato
698 2638 835 2710 dicendi
851 2662 983 2732 genere
999 2664 1082 2712 usus
1098 2652 1151 2714 est
1167 2643 1303 2738 quoties

182 2757 224 2829 de
243 2755 469 2850 scriptoribus
482 2754 671 2850 praeclaris
691 2754 796 2825 verba
810 2753 903 2828 fecit.
934 2756 1146 2829 Columellae
1166 2758 1304 2854 quidem

181 2873 360 2965 ingenium
388 2870 471 2942 satis
499 2869 592 2942 veris
620 2868 793 2942 coloribus
826 2869 993 2965 depinxit,
1022 2875 1179 2968 quamvis
1201 2899 1305 2970 supra

120 2998 122 3004 '
183 2989 320 3060 modum
345 3011 423 3059 eum
451 2985 683 3057 laudaverit3.
716 2986 786 3058 Sed
818 3010 886 3057 nou
921 2987 1060 3081 probari
1093 2999 1203 3083 potest
1228 3015 1304 3062 cum

180 3106 325 3176 miratur
348 3105 543 3188 Erasmum,
563 3125 664 3196 quem
682 3110 772 3173 totus
799 3101 894 3172 orbis
926 3113 1100 3174 terrarum
1126 3105 1305 3178 continere

180 3223 340 3314 nequeat,
354 3218 471 3290 tabula
483 3238 550 3313 qua
566 3225 681 3287 tamen
697 3215 809 3288 solum
823 3217 980 3312 corporis
990 3219 1170 3290 dimidium
1181 3224 1303 3316 expri-

122 3362 134 3372 ’
180 3343 292 3407 matur
310 3333 514 3407 contineril.
533 3334 572 3404 Iu
587 3332 641 3403 bis
660 3341 694 3403 et
711 3332 839 3404 talibus
859 3334 1071 3406 carminibus
1094 3337 1303 3410 tenuitatem

181 3451 283 3523 nimis
318 3450 524 3546 exquisitam
562 3457 596 3520 et
634 3448 808 3542 quandam
840 3449 1013 3520 acuminis
1052 3451 1304 3526 affectationem

181 3566 443 3663 deprehendere
469 3565 569 3655 licet3
602 3573 749 3636 conatur
777 3587 913 3659 semper
945 3576 1045 3660 poeta
1075 3576 1111 3639 ut
1140 3579 1240 3642 acute
1271 3582 1306 3642 et

182 3683 354 3756 subtiliter
373 3680 462 3753 dicat
476 3705 485 3772 ;
509 3680 569 3752 sed
588 3678 767 3752 fatendum
783 3689 836 3751 est
850 3679 1058 3776 plerumque
1072 3683 1163 3754 huuc
1179 3708 1305 3758 vanum

181 3821 258 3872 esse
275 3795 431 3869 laborem
450 3796 661 3890 inanemque
680 3817 812 3868 curam.
833 3837 880 3847 -
897 3796 1076 3880 Quaedam
1092 3821 1134 3869 ex
1152 3799 1207 3871 his
1226 3803 1304 3894 epi-

217 3993 227 4027 ¹
248 3994 288 4047 De
300 3993 461 4048 Helionora
476 3994 660 4046 Francorum
674 3995 789 4060 rapina.

217 4071 229 4106 ²
248 4075 293 4127 Ad
305 4074 480 4138 Candidum,
493 4075 527 4127 de
539 4074 632 4142 ipsius
645 4074 722 4141 facie
735 4074 767 4126 in
784 4073 888 4126 tabella
907 4092 1053 4144 expressa.

216 4151 228 4187 ³
247 4153 285 4206 In
299 4155 414 4207 laudem
430 4152 615 4207 Columellac.
630 4181 663 4192 -
678 4151 754 4216 Quod
779 4153 812 4204 ad
835 4154 1042 4223 epigrammata,
1059 4175 1127 4228 quae
1144 4161 1255 4230 proprie
1275 4161 1308 4212 ad

179 4229 282 4286 litteras
296 4235 439 4304 pertinent,
458 4239 572 4302 spectat,
592 4234 631 4300 cf.
648 4232 729 4285 inira.

218 4313 230 4348 ⁴
249 4314 287 4369 In
306 4315 426 4369 Erasmi
439 4314 609 4385 imaginem.
