3124 4988
259 381 291 438 00
720 378 766 436 DE
783 377 919 436 mamillis

308 531 507 608 Admodum
523 531 681 604 mirabile
704 540 797 604 esset
823 566 870 584 -
893 531 1076 603 dicendum
1102 541 1155 604 est
1177 531 1268 602 enim
1290 531 1383 627 quod

260 651 372 724 sentio
391 691 438 706 —-
463 651 590 721 Bezam
613 649 765 744 potuisse
783 669 931 744 nsquam
950 669 1019 720 non
1044 647 1210 743 frigidum
1244 667 1321 720 ease
1344 649 1382 718 in

261 766 396 861 elegiis,
425 767 528 836 etiam
544 787 621 836 cum
637 771 797 836 narraret
815 763 985 860 quaedam
1005 785 1094 859 qnae
1120 765 1311 836 verisimile
1331 771 1384 836 est

260 883 325 978 ipsi
343 881 523 974 accidisse,
543 881 645 976 quale
663 889 716 952 est
735 881 907 952 somnium
921 879 958 950 in
980 881 1124 974 septima
1140 881 1254 974 elegia
1270 900 1382 976 expo·

261 999 376 1071 eitum.
406 997 569 1070 Attamen
599 1006 717 1068 noster
745 998 891 1091 scriptor
925 1007 1134 1090 arroganter
1167 995 1382 1069 inanimum

161 1135 163 1139 ⁴
260 1112 444 1183 induxerat
461 1121 498 1181 ut
520 1131 561 1182 ex
584 1131 624 1182 ea
646 1111 847 1183 narratione
870 1133 940 1181 non
960 1109 1071 1182 solum
1089 1111 1259 1206 quandam
1277 1112 1385 1183 sedan

264 1227 390 1298 tionem
406 1227 487 1297 mali
516 1225 569 1296 eui
596 1233 698 1320 atque
725 1226 828 1296 etiam
859 1224 1069 1319 voluptatem
1090 1226 1297 1320 perciperet,
1321 1229 1383 1298 sed

262 1343 388 1416 ceteris
407 1343 567 1413 omnibus
583 1340 798 1413 manifestius
814 1342 1014 1414 ostenderet
1034 1365 1136 1436 quam
1152 1344 1272 1436 gravis
1292 1352 1385 1414 osset

262 1467 295 1532 et
309 1459 476 1532 terribilis
496 1469 528 1530 et
552 1459 748 1529 horrendus
762 1479 871 1528 amor.
901 1458 989 1542 Quid
1015 1481 1100 1551 crgo
1119 1459 1193 1548 jam
1215 1481 1236 1530 a
1263 1457 1385 1552 primis

261 1575 422 1648 uorsibus
437 1575 569 1645 inducit
584 1574 661 1644 illas
676 1573 949 1666 comparationes
960 1583 992 1644 et
1008 1576 1291 1646 enumerationes
1307 1577 1384 1669 qui-

261 1692 325 1764 bus
343 1690 479 1782 elegiae
496 1689 693 1779 sindonitae,
711 1697 748 1760 ut
763 1695 863 1761 antea
884 1689 1047 1778 vidimus,
1060 1691 1201 1762 vitiatur
1216 1699 1250 1762 et
1265 1691 1384 1787 inqui-

262 1816 367 1880 natur
379 1807 416 1876 ¹?

345 2055 479 2134 Vetpere
491 2055 568 2116 oolla
582 2057 703 2114 domum
717 2054 854 2114 referunt
867 2054 982 2114 leviora
994 2057 1133 2134 juvenci,

383 2147 423 2204 nt
442 2147 552 2204 tacitae
567 2146 702 2221 requiem
717 2146 970 2204 commeditantnr
984 2163 1068 2207 aven.

343 2235 478 2312 Vespere
493 2254 572 2294 nunc
588 2234 689 2294 stertit
702 2233 784 2294 luaca
799 2252 866 2292 cum
882 2252 936 2293 con
935 2237 1010 2312 juge
1026 2237 1150 2314 Pastor,

382 2323 471 2385 Nunc
483 2339 625 2384 venerem
641 2328 762 2383 exercet
774 2321 872 2383 laetus
887 2323 937 2383 et
930 2341 994 2400 ipse
1008 2341 1104 2387 suam

344 2415 396 2477 Sol
406 2430 523 2492 quoque
538 2421 704 2490 postremae
723 2420 881 2490 postquam
896 2414 1032 2490 pervenit
1052 2415 1088 2472 ad
1104 2415 1210 2488 undar,

312 2713 380 2784 Sed
412 2713 501 2783 Beza
518 2734 587 2782 non
607 2711 814 2806 tranquillus
829 2720 863 2782 et
888 2710 999 2782 laetus
1015 2729 1090 2782 esse
1105 2721 1230 2805 potest,
1252 2711 1378 2784 nedum

299 2999 474 3057 1Putidiorea
490 3007 516 3058 at
532 3003 678 3073 ineptiores
698 3003 779 3058 etiarn
802 3003 1015 3073 comparationes
1042 3001 1114 3074 apud
1138 3001 1285 3060 Munatium
1308 2997 1385 3055 inve

263 3083 386 3136 niuntur:

405 3209 519 3278 Quanta,
533 3217 620 3280 putat,
638 3218 759 3266 nostram
774 3217 906 3265 vexarunt
920 3210 1006 3264 taedia
1016 3218 1143 3275 mentem,

460 3291 500 3344 Ex
514 3307 568 3361 quo
580 3292 695 3346 diversis
705 3291 844 3361 coepimus
854 3307 913 3345 esee
926 3289 1014 3345 locis?

407 3369 498 3425 Mitius
510 3369 599 3426 hostili
613 3378 723 3426 ruerent
737 3388 798 3425 cum
815 3367 950 3440 Pergama
964 3371 1058 3426 dextra

459 3451 695 3506 Laomedontiadas
709 3451 852 3506 indoluisse
866 3457 953 3522 puto:

407 3531 499 3587 Mitius
510 3533 642 3597 Electran,
656 3531 736 3586 falsas
750 3549 811 3586 cum
822 3533 906 3586 tristia
915 3531 949 3586 ad
961 3549 1041 3586 aures

461 3609 542 3668 Venit
555 3613 711 3668 Oresteae'
696 3610 793 3667 nuncia
807 3611 877 3666 fama
893 3611 979 3668 nenia.

406 3693 514 3748 Scilicet
527 3693 598 3747 haud
608 3676 677 3746 ulida
691 3695 794 3764 campis
808 3695 917 3748 errabat
931 3693 1006 3748 Alcis

459 3775 595 3829 Exoueeus
611 3777 697 3844 patrio
712 3791 824 3829 munera
837 3774 1027 3844 Bellerophon.

407 3855 447 3910 Ol
463 3856 568 3926 quoties
587 3869 670 3922 aegro
687 3855 803 3925 suspiria
820 3861 930 3925 pectore
946 3856 1046 3911 duxi..
1060 3855 1120 3928 (IV)

406 3988 466 4042 Non
485 3990 522 4042 ita
541 3988 611 4043 laeta
626 3988 675 4040 fnit
694 3989 828 4058 quondam
847 3989 977 4056 Icariotis,
991 3988 1117 4060 Ulyssem

463 4066 530 4123 Cum
547 4067 612 4122 uidit
628 4065 731 4120 salvum
745 4075 804 4138 post
821 4069 873 4122 duo
888 4069 972 4124 lustra
987 4087 1086 4124 suum:

408 4149 464 4204 Nec
480 4158 535 4204 tam
544 4150 643 4204 lterum
655 4153 764 4219 accepta
776 4149 938 4221 Lyrnemide
952 4151 1037 4206 laetus
1053 4151 1183 4220 Achillae,

460 4232 518 4296 Qua
531 4231 664 4301 quondam
676 4229 790 4285 abducta
798 4231 929 4286 flaverat
921 4249 979 4303 ipse
990 4234 1047 4302 din,

409 4312 494 4376 Quam
508 4315 533 4366 te
542 4315 684 4381 conspecta
695 4305 748 4366 scis
761 4327 814 4378 mc,
829 4327 889 4368 mea
901 4314 964 4379 vita,
975 4313 1152 4388 futurum...(

383 2504 517 2564 Fertur
510 2521 540 2562 rn
555 2503 689 2562 ardentia
706 2503 872 2562 Thetidor'
865 2519 910 2562 rra
929 2502 1023 2565 sinus.
