3124 4988
655 384 701 434 Du
718 381 983 434 nPlunumuArls

496 530 538 587 Ut
553 545 621 587 oum
632 532 753 586 turture
769 525 925 585 turturilla
942 529 1036 593 uasto,

496 619 554 688 Qui
568 617 603 676 ut
614 615 759 675 innoouus
773 621 807 674 ut
818 616 873 673 hos
888 631 1004 674 amores

496 709 554 766 Tot
567 705 628 764 doli
649 705 806 780 exagitant
825 701 1064 762 calumniarum?

494 796 578 854 Haeo
592 801 637 854 est
657 792 771 852 scilieet
787 791 923 851 omuibus
946 796 1059 850 statuta

496 886 560 944 Lex
575 883 765 959 mortalibus,
782 887 817 941 ut
830 899 961 957 perenne
976 881 1018 940 nil
1038 882 1076 941 sit

495 973 582 1044 Quod
595 978 715 1048 gratum
730 991 738 1030 ε
761 977 790 1030 et
802 969 919 1029 vicibus
931 970 995 1029 suis
1010 977 1173 1030 recurrant

495 1063 703 1139 voluptasque
722 1061 878 1135 dolorque,
894 1077 954 1135 pax
971 1065 1001 1118 et
1015 1059 1077 1118 ira.
1151 1133 1153 1137 ,

495 1155 580 1228 Ergo
595 1148 679 1223 haee,
695 1150 840 1218 Candida,
857 1147 976 1207 fortiter
990 1148 1133 1223 seramus,

494 1243 569 1309 Noe,
588 1240 721 1316 iuquam,
733 1240 844 1315 quibus
859 1238 932 1296 haee
946 1243 1058 1297 statuta
1071 1238 1122 1299 lex
1137 1244 1197 1302 est.

496 1331 552 1391 Ille
567 1334 666 1388 autem
680 1329 773 1397 Deus,
790 1327 841 1385 iile
852 1327 904 1403 qui
918 1326 1038 1386 favillas

496 1421 610 1481 Nostro
623 1419 653 1476 in
673 1423 796 1494 peotore
808 1418 924 1491 primus
939 1418 1095 1490 excitavit,

497 1511 562 1570 Neo
575 1507 677 1584 perire
691 1512 801 1583 potest,
820 1523 874 1565 neo
887 1507 942 1564 hos
953 1505 1057 1566 fovere

495 1599 565 1658 Ullo
579 1604 716 1673 tempore
735 1595 854 1654 desinet
876 1595 1003 1657 calores.

495 1690 670 1757 Premetur‚
683 1684 756 1762 soio,
770 1685 891 1744 flamma
911 1691 1023 1745 nostra.
1047 1685 1126 1756 Quid
1141 1684 1225 1744 tumi

496 1779 593 1837 Tanto
608 1773 756 1834 fervidior
767 1773 888 1834 futurus
903 1774 995 1849 ignis.

304 1956 404 2042 Quod
426 1979 444 2024 u
461 1954 498 2023 iu
513 1954 656 2024 Basium
678 1951 874 2025 Candidae¹
888 1976 907 2022 »
923 1951 1126 2024 inscribitur
1148 1974 1289 2023 carmen
1309 1972 1378 2020 uon

255 2071 426 2142 mediocre
443 2079 509 2160 est,
526 2078 627 2163 atque
643 2092 713 2139 nou
729 2067 874 2140 multum
890 2069 987 2140 abest
1002 2078 1041 2140 ut
1065 2068 1209 2140 omniuo
1237 2065 1379 2161 perfec-

254 2195 327 2258 tum
342 2186 606 2280 absolutumque
622 2187 667 2255 sit
682 2185 747 2255 hoo
761 2184 977 2280 epigramma
999 2210 1008 2255 t

472 2376 520 2435 Ex
535 2392 595 2452 quo
607 2374 763 2452 disjuncti,
778 2391 844 2432 mea
861 2374 1004 2447 Candida,
1026 2374 1159 2434 viximus
1175 2373 1276 2442 ambo,

534 2465 664 2524 Noctua
678 2463 843 2522 luminibus
856 2464 958 2523 sidera
974 2465 1040 2524 visa
1054 2465 1142 2540 meis,

495 2554 579 2612 Hora
594 2553 684 2625 diem,
703 2570 895 2628 mensemque
904 2553 978 2624 dies,
995 2570 1166 2629 annumque
1181 2556 1317 2610 moratus

536 2641 662 2713 Mensis,
675 2646 739 2720 jam
753 2659 843 2700 oanos
856 2661 931 2719 pene
949 2643 1154 2702 dederemihi.

496 2732 537 2790 At
558 2731 687 2791 simulac
705 2730 791 2790 nobis
807 2731 918 2789 iterum
931 2732 1094 2791 reddemur
1109 2739 1247 2808 uterque,

535 2821 637 2896 Teque
652 2838 718 2879 mea
733 2821 841 2896 potiar,
858 2839 965 2896 meque
985 2821 1087 2880 fruere
1105 2827 1157 2880 tuo
1177 2839 1184 2880 :

494 2912 576 2970 Hora
596 2910 656 2983 die,
673 2912 819 2986 Lunaque
841 2910 905 2968 dies
921 2910 1131 2970 numerabitur
1146 2929 1216 2984 uua,

536 3000 656 3077 Quique
671 3000 739 3059 aliis
751 3018 858 3073 annus,
870 3002 924 3060 vix
937 3001 1011 3059 mihi
1023 3001 1135 3060 mensis
1150 3001 1220 3061 erit.

497 3091 549 3149 Sic
563 3096 681 3167 tempus
703 3095 863 3167 praerepta
882 3089 958 3148 mihi
971 3108 1038 3149 mea
1049 3097 1185 3168 tempora
1200 3091 1317 3160 reddat,

535 3180 619 3238 Haeo
636 3179 740 3238 eadem
756 3184 790 3238 ut
804 3179 940 3252 reddam,
959 3179 1091 3238 Candida
1106 3181 1211 3252 obera,
1222 3180 1289 3239 tibi.

304 3350 400 3439 Haeo
425 3357 505 3419 sunt
540 3348 574 3416 in
604 3355 726 3443 quarto
759 3371 890 3441 genere
923 3351 1077 3422 carmina
1107 3372 1194 3447 quae
1226 3352 1379 3422 omnium

255 3465 403 3536 maxime
417 3486 479 3533 nos
492 3461 676 3553 delecteut3
693 3463 784 3535 iniis
799 3464 892 3535 enim
903 3467 1137 3556 motusauimi,
1156 3490 1242 3562 quos
1257 3489 1381 3539 revera

255 3589 417 3676 expertus
430 3588 496 3669 est,
514 3579 686 3674 expressit
704 3589 869 3673 poeta-
884 3583 968 3652 Sunt
982 3581 1049 3653 alia
1064 3583 1184 3676 jocosa
1202 3592 1236 3654 et
1256 3583 1380 3676 expri-
1460 3589 1466 3597 '

255 3697 402 3768 mendae
416 3695 583 3789 voluptati
597 3695 720 3782 dicata,
743 3695 924 3791 exquibus
942 3699 1148 3790 praesertim
1164 3697 1379 3793 proferemus

259 3837 278 3883 u
293 3813 338 3884 ad
351 3811 493 3882 fibulam
513 3810 692 3882 Candidae
710 3834 729 3880 u
755 3836 763 3881 ε

336 4000 454 4069 Quaeso
467 3998 560 4057 fibula
580 3996 645 4070 illa,
664 3997 759 4057 fibula
782 3998 905 4060 illam..

291 4255 301 4290 1
420 4252 476 4308 Vos
489 4251 577 4308 teneri
596 4268 675 4307 rores
692 4251 811 4307 calathos
823 4252 919 4323 quibus
933 4270 1015 4308 auree
1029 4257 1164 4324 gaudet...
