3124 4988
557 408 604 467 nn
620 407 892 471 artushumeris
1257 401 1288 458 at
1337 387 1340 398 '

210 563 386 647 Quaedam
400 561 468 634 alia
479 561 646 634 arcessita
661 568 739 633 sunt
754 569 788 633 et
803 559 974 656 exquisita
984 565 1010 630 ¹.
1028 559 1288 653 Nonnunquam

162 695 278 754 tamen
292 702 390 751 amor
403 687 437 751 et
446 678 552 749 libido
563 701 694 771 genere
719 676 856 748 dicendi
869 698 954 748 vero
970 687 1003 747 et
1018 675 1154 747 sincero
1172 672 1287 767 expri-

162 805 300 868 muntur
311 795 556 890 interdumque
565 793 867 865 liberius.Horum
879 791 1172 886 epigrammatum
1183 790 1289 862 multa
1305 867 1307 874 ,

157 910 388 1005 jucunditatis
402 919 435 983 et
452 910 646 983 venustatis
661 911 764 1004 plena
779 917 874 999 sunt,
892 930 956 980 nec
978 907 1081 979 nimis
1095 905 1288 1001 antiquita-

161 1037 231 1100 tem
256 1027 423 1100 redolent.
449 1029 624 1100 Tenerum
652 1024 814 1122 quiddam
843 1024 935 1096 inest
965 1034 998 1096 et
1032 1045 1138 1096 suave
1163 1022 1200 1093 in
1223 1022 1289 1094 hac
1379 1053 1383 1064 ·

163 1143 287 1216 somnii
302 1143 533 1240 descriptione
552 1168 559 1212 :

403 1330 545 1391 Defessus
560 1330 660 1390 medio
676 1330 766 1389 thoro
782 1330 933 1406 jacebam,

408 1423 448 1480 nt
463 1439 577 1482 sommo
593 1438 688 1496 grave
700 1424 765 1497 jam
780 1423 870 1496 caput
882 1418 1017 1490 cadebat,

408 1509 464 1568 Sui
475 1508 607 1568 Candida
623 1526 715 1584 quum
729 1507 855 1566 miserta
869 1507 980 1578 Bezae,

404 1599 558 1658 Praesens
573 1603 619 1657 est
631 1597 704 1656 mihi
718 1596 784 1656 visa
799 1595 1030 1658 dormienti.....

213 1771 301 1840 Item
326 1767 444 1839 nescio
481 1790 526 1840 an
554 1767 591 1840 iu
625 1767 689 1839 hoc
725 1796 741 1833 «
776 1764 891 1838 Xenio
919 1789 938 1834 u
969 1764 1054 1835 nihil
1082 1761 1288 1858 reprehendi

164 1885 302 1980 possit:

403 2083 513 2144 Vestes
529 2085 645 2144 divitiis
659 2101 770 2162 graves
795 2089 824 2142 et
838 2089 916 2156 arte,

403 2172 637 2250 Aptandumque
651 2178 704 2233 tuo
719 2172 832 2233 monile
846 2171 935 2242 collo,

403 2265 465 2320 Aut
478 2279 552 2338 quos
566 2262 653 2321 India
670 2261 765 2321 mittit
779 2261 904 2321 uniones

405 2349 472 2409 Iani
483 2368 538 2410 nec
557 2369 634 2428 queo
650 2369 704 2410 nec
718 2351 788 2410 volo
805 2349 946 2409 Calendis

407 2438 454 2498 dd
469 2445 500 2499 te
514 2439 646 2510 mittere,
663 2439 807 2512 Candida,
821 2457 880 2499 una
903 2441 1002 2499 Bezae

405 2528 609 2589 Dilectissima
624 2530 768 2590 Candida.
787 2533 828 2588 At
844 2528 916 2605 qnid
937 2525 1032 2603 ergo?

404 2616 504 2694 ipsam
520 2636 626 2695 nempe
641 2617 774 2677 animam
789 2618 846 2678 tibi.
866 2615 1007 2689 dicatam,

404 2706 587 2782 Amorisque
607 2707 652 2766 tui
668 2704 789 2784 ignibus
804 2714 970 2785 perustam,

406 2797 489 2866 Quae
507 2797 625 2871 pridem
639 2803 693 2857 tua
714 2797 754 2857 sit
774 2799 858 2868 licet,
876 2815 1021 2874 suamque

375 2951 380 2958 „
403 2885 445 2944 Te
461 2883 577 2962 pridem
593 2886 744 2946 domInam
759 2893 907 2965 vocatque
923 2891 1076 2963 ametque,

406 2974 446 3034 Se
461 2992 569 3034 rursus
583 2975 640 3035 tibi
655 2977 765 3052 datque
787 2977 976 3054 dedicatque,

405 3065 526 3124 Inclusa
542 3064 591 3124 his
606 3066 741 3125 numeris
755 3066 999 3126 Phaleuciorum.

406 3155 491 3225 Quod
507 3155 533 3214 si
548 3172 675 3214 munera
691 3156 817 3215 raritate
832 3173 948 3232 censes,

407 3245 432 3302 Ο
448 3244 498 3302 Dii
512 3263 601 3320 quam
615 3245 672 3305 tihi
687 3246 803 3322 grande
818 3245 905 3306 mitto
923 3249 1051 3307 munus!

215 3413 414 3487 Pleniorem
433 3413 539 3486 etiam
558 3414 696 3487 laudem
722 3414 872 3488 fortasse
900 3425 1052 3488 meretur
1073 3415 1289 3511 epigramma

166 3531 274 3621 aliud,
297 3531 377 3625 quia
401 3531 580 3603 tristitiam
596 3532 769 3628 quandam
796 3531 1134 3629 sollicitudinemque
1152 3532 1291 3605 exhibet

165 3647 304 3742 quaein
322 3648 434 3718 Bezae
448 3649 616 3742 poematis
632 3671 711 3721 raro
733 3649 892 3721 invenias
911 3674 918 3719 :

406 3832 505 3912 Quum
519 3850 573 3891 nos
589 3828 725 3893 Candida
744 3834 858 3893 mutuis
872 3833 997 3910 favillis,

406 3921 622 3999 Communique
636 3921 721 3983 velut
735 3923 835 3983 calore
849 3924 939 3994 cocti,

406 4010 509 4070 Vitam
523 4029 582 4072 una
598 4029 779 4089 peragamus
792 4013 993 4087 innocentem,

202 4216 211 4252 ¹
233 4217 280 4270 Ad
293 4213 468 4281 Candida-m,
484 4235 498 4266 u
514 4216 601 4280 Quum
616 4223 642 4272 te
660 4234 731 4272 nunc
749 4217 819 4271 dicat
838 4215 969 4286 populosa
981 4216 1088 4272 Lutetia
1101 4217 1217 4272 civem...
1237 4234 1251 4267 u

201 4300 280 4366 atque
294 4299 333 4349 ad
344 4295 486 4366 Eandem,
503 4313 517 4346 u
530 4297 664 4351 Attonitos
677 4298 748 4350 inter
761 4295 909 4366 populos...
926 4315 940 4348 u

230 4425 254 4460 L.
272 4425 303 4460 M·
1211 4422 1224 4475 7
