3124 4988
628 391 673 440 ΠΕ
690 391 886 440 EPITAPHIIS
1286 385 1318 437 73

249 536 334 606 Item
364 536 505 606 minime
531 536 726 607 mirandum
748 546 801 607 est
823 535 913 630 quod
937 536 1113 630 epitaphia
1141 557 1262 630 regum
1285 543 1319 605 et

199 650 393 743 principum
409 659 442 721 et
457 650 601 722 heroum
619 651 732 722 nescio
752 651 835 742 quid
850 650 1006 722 insolens
1017 660 1050 722 et
1074 649 1218 720 nimium
1234 671 1318 742 prae

199 789 237 838 se
251 764 379 838 ferunt.
400 767 505 838 Dolor
525 767 630 856 enim,
653 767 714 837 ubi
729 769 768 837 lit
787 767 958 861 publicus,
981 768 1080 862 quasi
1103 767 1269 838 mentitur
1284 774 1319 838 et
1385 843 1387 850 Α

198 880 372 954 infucatus
400 893 464 953 est.
487 883 585 961 Quod
599 882 722 953 vitium
747 883 907 954 omnibus
924 907 1001 954 cum
1022 882 1225 976 praeclaris,
1246 890 1316 953 tum

200 999 428 1070 mediocribus
457 1000 566 1092 poetis
595 1022 789 1089 commune,
807 999 903 1070 nullo
944 997 1044 1070 modo
1079 999 1168 1070 Beza
1205 999 1317 1070 vitare

198 1123 350 1208 poterat;
367 1115 483 1210 itaque
503 1115 644 1187 minime
658 1115 792 1196 vitavit,
812 1125 848 1186 ut
863 1140 905 1187 ex
922 1116 1018 1187 ducis
1033 1115 1318 1208 Anguienuensis

198 1231 370 1324 epitaphio
389 1231 594 1324 intellegere
610 1231 709 1302 facile
722 1242 785 1303 est.
811 1233 891 1304 Non
908 1232 998 1326 quod
1013 1233 1047 1301 in
1063 1232 1132 1303 illis
1149 1230 1307 1302 carmini-

199 1345 263 1417 bus
278 1346 408 1417 nullum
429 1348 546 1418 inesse
567 1346 721 1419 dolorem
736 1349 850 1419 ausim
865 1348 1099 1420 contendere:
1123 1346 1205 1442 quid
1225 1347 1317 1418 enim

201 1463 313 1555 magis
331 1463 510 1535 hominum
529 1472 672 1534 naturae
689 1475 959 1536 consentaneum
975 1475 1027 1535 est
1043 1488 1145 1558 quam
1161 1485 1318 1535 maerore

199 1590 236 1650 et·
249 1581 343 1651 luctu
360 1578 485 1674 affligi,
500 1604 577 1652 cum
594 1583 669 1674 quis
689 1582 834 1676 juventa
858 1581 988 1652 florens
1006 1581 1188 1653 immatura
1210 1591 1318 1653 morte

200 1695 367 1788 rapiatur,
388 1695 593 1788 praesertim
607 1696 636 1766 si
656 1696 749 1766 idem
766 1696 825 1767 ille
839 1697 1100 1790 juvenis'regis
1121 1698 1165 1768 sit
1180 1695 1272 1768 filius
1285 1709 1318 1769 et

199 1812 296 1905 quasi
311 1834 390 1904 pars
404 1811 478 1905 spei
495 1811 676 1905 publicae?
693 1814 733 1883 In
750 1811 812 1883 illo
829 1812 963 1884 funebri
984 1815 1139 1885 carmine
1164 1811 1318 1885 sinceros

199 1928 300 1999 fletus
315 1938 348 1999 et
363 1927 522 2022 querelas
546 1938 581 2000 et
604 1928 866 2000 lamentationes
885 1930 1137 2024 deprehendas.
1157 1929 1226 2002 Sed
1239 1954 1319 2002 mox

198 2044 241 2116 ad
251 2043 401 2114 indolem
420 2066 519 2116 suam
533 2046 682 2116 recurrit
694 2044 784 2116 Beza
799 2047 886 2117 etad
901 2068 979 2117 suas
993 2045 1157 2119 stultitias
1185 2047 1318 2118 doctas·

199 2183 265 2256 que
279 2161 556 2254 comparationes
570 2160 673 2232 redit.
1003 2167 1005 2170 ’

278 2346 369 2413 Arca,
387 2345 471 2416 olim,
489 2353 521 2406 ut
535 2347 637 2416 credo,
662 2348 772 2432 Stygia
787 2354 941 2425 compacta
955 2366 1111 2425 cupressu,

320 2439 411 2506 Arca,
427 2435 503 2494 eheu
518 2443 629 2512 quanta
645 2436 800 2519 nobilitata
816 2439 902 2496 necet

247 2603 293 2673 Hi
313 2626 436 2674 versus
468 2606 584 2674 statim
613 2604 711 2675 nobis
741 2608 775 2675 in
802 2609 1004 2678 memoriam
1028 2609 1198 2681 reducunt
1232 2634 1320 2706 quae

199 2718 363 2792 Horatius
377 2719 413 2787 in
432 2718 594 2790 arborem
611 2720 786 2792 maledixit
803 2723 901 2818 cujus
915 2745 997 2794 casu
1008 2747 1118 2817 paene
1132 2727 1315 2799 occiderat.

199 2837 387 2906 Praeterea
412 2835 514 2905 altius
541 2838 686 2928 repetita
712 2846 764 2908 est
790 2848 824 2909 et
844 2842 1001 2933 quaesita
1023 2840 1084 2912 illa
1114 2843 1319 2915 assimilatio

198 2951 357 3022 ludorum
370 2951 547 3021 Fortunae
566 2974 643 3021 cum
656 2951 747 3022 ludis
768 2955 803 3023 in
816 2955 938 3048 quibus
950 2954 1019 3026 dux
1033 2956 1320 3050 Anguiennensis

199 3064 402 3157 occubuit¹3
423 3073 526 3161 atque
542 3067 669 3139 nimias
689 3067 809 3140 laudes
824 3078 857 3139 et
878 3071 1101 3166 obsequiosas
1122 3085 1156 3144 et
1176 3074 1320 3146 serviles

201 3183 353 3254 continet
372 3182 428 3253 hic
448 3182 544 3252 locus
564 3207 570 3252 :

279 3379 370 3448 Arca,
387 3377 418 3435 in
429 3394 487 3452 qua
502 3377 631 3437 Parcam
646 3379 771 3437 Mavors
783 3379 979 3438 absconderat
990 3380 1066 3456 ipse,

319 3467 423 3526 Audiit
439 3471 472 3525 ut
482 3465 570 3526 iactis
581 3466 698 3526 aemula
711 3467 790 3526 facta
804 3468 877 3528 suis.

249 3635 307 3706 Sic
322 3636 477 3708 dolorem
487 3638 545 3732 qui
560 3639 710 3730 primum
724 3641 809 3710 satis
828 3639 941 3712 luerat
961 3643 1119 3714 sincerus
1133 3668 1203 3716 non
1220 3648 1320 3717 modo

201 3751 395 3844 debilitant,
413 3753 474 3824 sed
490 3754 595 3824 etiam
607 3758 845 3827 contaminant
860 3759 1128 3852 atqueinficiunt
1139 3784 1259 3832 omnes
1269 3761 1320 3831 illi

200 3868 309 3961 inepti
331 3869 402 3963 joci
431 3867 668 3964 nefandaeque
693 3872 902 3964 elegantiae.
938 3917 985 3926 —
1018 3875 1147 3946 Eadem
1178 3875 1251 3947 fere
1276 3876 1318 3948 de

236 4185 246 4219 ¹
415 4189 451 4241 At
461 4188 484 4240 si
499 4188 636 4242 nobiscum
650 4191 700 4256 vis,
714 4207 730 4244 o
744 4192 849 4244 fortuna
863 4194 960 4262 jocari,

466 4267 521 4322 Cur
533 4269 592 4323 istis
606 4287 680 4324 mors
694 4279 735 4326 est
749 4272 821 4326 seria
834 4273 920 4326 mixta
931 4275 1015 4344 jocis?
