3116 4978
411 401 457 452 DE
473 400 650 454 aaronem
668 401 781 454 ΒΕΖΑΕ
795 401 1062 456 Aeduuscuttrta
1269 400 1299 452 13

118 574 121 580 .
181 543 200 590 u
228 531 263 592 et
279 521 315 592 in
331 519 374 593 iis
392 521 635 595 honestissime
649 523 836 595 educandis
847 546 912 594 nec
926 523 1121 618 sumptibus
1135 522 1216 596 ullis
1236 545 1301 595 nec

182 660 201 706 u
227 635 428 730 diligentiae
446 650 614 732 parceret.
637 664 655 710 u
675 638 811 730 (Ibid.)
835 641 965 730 Quare,
989 639 1157 712 avunculo
1176 649 1299 734 postu-

178 752 285 840 lante,
316 762 425 826 mater
444 753 666 827 Theodorum
698 755 868 828 Lutetiam
898 755 1060 852 perduxit
1090 781 1108 826 u
1136 755 1247 828 adhuc
1279 779 1298 828 a

180 867 326 939 nutricis
352 869 517 942 uberibus
536 871 786 965 pendentem...
813 872 853 943 Id
878 893 978 961 vero,
1004 882 1042 943 ut
1061 894 1162 966 saepe
1177 871 1298 943 andire

181 983 335 1075 memini,
352 987 547 1078 aegerrime
561 988 700 1083 quidem
714 987 793 1060 tulit
808 997 933 1076 mater,
946 989 1043 1083 quasi
1060 988 1199 1059 venturi
1215 988 1298 1059 mali

182 1100 349 1189 praescia,
368 1100 426 1172 sed
442 1111 556 1173 tamen
577 1103 692 1173 mariti
713 1101 858 1196 imperio
881 1101 1109 1175 obsecuta1...
1128 1125 1147 1172 n
1164 1101 1300 1194 (Idid.)

180 1214 295 1286 Debili
315 1213 514 1290 valetudine
543 1229 623 1289 tunc
636 1226 712 1290 erat
729 1219 832 1290 Beza.
864 1245 883 1291 n
898 1221 975 1311 Ege
990 1219 1124 1290 interea
1141 1217 1299 1290 Lutetiae

179 1333 335 1428 quamvis
358 1357 490 1406 summa
512 1359 595 1407 cura
621 1337 803 1426 educarer,
831 1347 946 1409 tamen
982 1335 1154 1408 moriebar
1183 1335 1297 1430 petius

181 1449 477 1544 quam'vivebam,
507 1453 685 1547 perpetuis
705 1451 935 1548 languoribus
967 1455 1014 1524 ita
1036 1461 1233 1546 prostratus
1261 1461 1298 1525 ut

179 1564 330 1636 rixante
357 1566 629 1661 quinquennium
644 1569 664 1639 e
677 1569 778 1640 cunis
793 1590 1027 1662 proreperem.
1042 1592 1061 1637 u
1076 1567 1214 1660 (Ictu.)
1230 1567 1299 1640 Sed

179 1703 247 1750 nen
260 1680 379 1752 eadem
393 1683 777 1778 animiatqucoerporis
792 1684 854 1756 luit
866 1684 1063 1756 infirmitas.
1084 1685 1211 1756 Curtra
1220 1683 1296 1778 jam

179 1795 334 1890 aprimis
354 1799 455 1870 annis
468 1823 506 1870 se
523 1799 677 1871 luterum
694 1823 771 1872 esse
787 1802 936 1873 eximiae
951 1799 1082 1893 ingenii
1099 1799 1299 1873 subtilitatis

179 1933 219 1983 ac
245 1913 428 1985 celeritatis
451 1913 620 2008 probavit.
641 1916 715 2000 Quo
737 1917 1004 2012 praestantiores
1020 1917 1087 1988 hae
1102 1919 1173 2010 jam
1200 1940 1298 2011 prae-

178 2039 310 2102 stantes
336 2030 519 2106 facultates
533 2033 670 2124 fierent,
690 2035 857 2106 suadente
876 2033 1002 2122 amice,
1029 2032 1192 2107 Nicelaus
1210 2034 1300 2106 Beza

179 2158 338 2242 nepotem
371 2172 473 2220 suum
503 2149 721 2222 formandum
756 2150 1074 2245 instituendnmquc
1107 2145 1299 2221 commisit²

178 2262 362 2335 Melchiuri
376 2265 572 2338 Wolmarie
591 2291 610 2336 u
625 2267 683 2362 qui
702 2274 776 2337 tum
788 2267 907 2336 ludum
940 2264 1139 2360 (Aureliae)
1158 2265 1298 2338 selectis

180 2377 383 2474 quibusdam
418 2381 637 2452 instituendis
668 2380 943 2453 adolescentibus
974 2391 1161 2474 aperuerat
1190 2405 1208 2451 u
1247 2389 1295 2470 et,

178 2503 323 2596 triginta
354 2527 464 2576 annes
497 2516 615 2597 natus,
645 2506 868 2577 humaniores
906 2504 1042 2576 litteras
1061 2528 1101 2576 uc
1119 2507 1179 2599 jus
1198 2505 1299 2586 civile

178 2619 335 2691 decebat.
380 2622 478 2706 Quae
512 2623 700 2694 Welmarii
740 2621 909 2710 doctrina,
954 2640 1041 2717 quae
1078 2620 1298 2716 antiquitatis

179 2735 337 2825 scientia,
355 2738 488 2831 quaein
498 2735 685 2825 discipulos
695 2740 883 2810 aucteritas
893 2747 995 2832 atque
1008 2759 1129 2807 rursus
1148 2745 1298 2831 quantus

180 2851 215 2919 in
241 2848 339 2922 illum
366 2852 611 2946 discipulorum
638 2877 735 2925 amor
761 2866 794 2924 et
814 2851 1028 2943 venerati0³,
1062 2851 1169 2925 mulla
1191 2852 1297 2926 docu-

216 3035 292 3100 ¹Qui
304 3036 338 3089 de
361 3043 447 3089 matre
473 3035 557 3088 Bezae
576 3032 711 3104 ampliora
734 3033 806 3087 scire
831 3032 914 3102 cupit,
931 3032 1092 3101 Epistolam
1109 3034 1148 3086 ad
1173 3034 1295 3088 Wolma·

179 3117 260 3168 rium
273 3115 356 3184 legat.

214 3197 295 3264 ²Gf.
312 3198 407 3263 Baum,
428 3197 449 3262 l,
470 3197 503 3252 10
513 3203 540 3250 et
550 3196 575 3249 4.

213 3277 225 3312 ³
242 3277 391 3347 Cf..Bezae
407 3279 558 3345 Poemata,
574 3275 686 3346 59,·62;
703 3277 782 3331 Hist.
795 3273 951 3343 ecclesiast,
970 3273 1054 3346 1‚10;
1071 3274 1186 3346 Sayeus,
1206 3275 1297 3332 aruo.

178 3357 232 3418 litt,
242 3359 263 3420 l,
274 3358 321 3424 69,
332 3357 396 3426 244,
407 3358 477 3429 2493
488 3358 624 3424 Ancillen,
635 3355 783 3428 Melampus
792 3358 930 3426 critiqucs
942 3357 976 3410 dc
988 3354 1086 3419 litter„
1098 3354 1177 3420 1698,
1189 3357 1198 3409 l
1205 3396 1213 3426 ,
1228 3357 1297 3428 3783

178 3437 369 3508 Her-mingard,
385 3439 492 3510 11‚280;
507 3440 704 3508 praecipueque
718 3437 810 3507 Epist.
825 3439 863 3490 cd
879 3435 1072 3489 Wolmcrium
1087 3436 1181 3500 Bezae,
1197 3453 1232 3492 ex
1246 3455 1299 3508 qua

178 3517 244 3571 haec
260 3523 443 3575 tantummodo
461 3534 648 3588 excerpemus.
667 3537 680 3567 a
749 3516 931 3571 Welmarium
952 3515 1094 3587 quendam,
1111 3516 1247 3572 hommem
1269 3519 1298 3572 in

178 3595 283 3652 Graeca
304 3600 384 3652 etiam
407 3599 510 3669 lingua,
527 3598 598 3670 qued
622 3605 684 3650 tuuc
698 3597 777 3668 plane
796 3594 1214 3665 nevumerat,erud1tissimum,
1230 3601 1298 3652 etin

177 3675 1012 3748 iuventuteinstituendamiraecuiusdamdexteritatis,Nicelai
1019 3672 1298 3732 Be1·aldietP.Stellae

177 3758 392 3813 doctissimorum
406 3749 543 3815 hominum
556 3758 689 3813 iudicio...

215 3857 229 3887 «
248 3837 287 3892 Ita
299 3840 383 3908 igitur
395 3841 494 3895 factum
504 3849 533 3897 ut
543 3844 576 3897 ad
589 3849 615 3897 te
625 3841 796 3911 pervenirem
804 3856 874 3894 anno
885 3839 990 3893 Domini
1004 3839 1085 3907 1528,
1091 3843 1175 3897 Nonis
1185 3842 1297 3894 Decem·

176 3921 253 3984 bris3
275 3936 352 3989 quem
367 3922 437 3977 diem
449 3938 500 3993 ego
513 3940 566 3978 nen
580 3923 659 3976 alitor
673 3939 753 3992 quam
767 3921 882 3976 alterum
897 3919 1013 3974 natalem
1027 3926 1123 3979 meritc
1137 3920 1210 3977 soleo
1223 3920 1296 3974 cele-

177 4007 266 4062 brare·
278 4005 340 4058 Fuit
356 4005 427 4058 enlm
441 4007 490 4059 iste
503 4005 570 4057 mibi
584 4003 705 4074 prolecto
719 4003 837 4056 omnium
851 4002 983 4054 bonorum
1002 4005 1162 4072 principium
1179 4016 1246 4071 quae
1264 4001 1297 4054 ab

178 4103 210 4141 eo
222 4095 342 4158 tempore
360 4086 481 4156 percepi,
496 4091 522 4139 et
536 4086 661 4154 deinceps
675 4084 703 4136 in
721 4085 810 4136 lutura
838 4083 892 4136 vita
919 4097 962 4135 me
975 4091 1164 4153 percepturum
1182 4082 1295 4137 confido.

214 4188 229 4220 u
249 4169 307 4223 Hoc
323 4168 395 4222 enim
409 4183 473 4221 vere
488 4182 598 4236 possum
611 4166 762 4230 affirmare,
775 4162 878 4218 nullum
897 4177 956 4218 esse
973 4161 1090 4228 nobrlcm
1108 4164 1150 4217 vel
1165 4163 1297 4217 Graecum

177 4249 220 4306 vel
236 4249 358 4304 hunum
372 4247 534 4319 scriptorem
551 4263 632 4317 quem
646 4261 696 4314 ege
715 4247 786 4299 intra
800 4242 969 4316 septennium
984 4258 1037 4314 quo
1046 4244 1117 4315 apud
1130 4251 1157 4298 te
1170 4243 1226 4297 vixi
1244 4259 1297 4300 nen
