3124 4988
589 391 635 441 DE
650 389 915 442 EPIGRAMMATIS
1290 391 1321 444 87

1116 471 1121 498 ι

194 539 324 614 habent
340 537 511 615 sincerius
529 545 563 610 et
583 538 736 610 vividius
750 548 782 610 et
798 539 910 632 magis
930 548 1052 633 poetae
1066 539 1261 635 proprium.
1278 542 1319 612 In

196 657 321 751 quibus
334 658 555 750 juventutem
570 677 673 726 suam
696 654 820 727 festive
837 656 934 726 nobis
950 665 1080 729 narrat.
1099 656 1167 741 Hie
1180 657 1318 728 tandem
1389 647 1391 650 ¹

194 773 361 868 quasdam
396 771 532 843 dicendi
554 772 700 843 virtutes
727 771 886 844 invenias
911 796 919 843 τ
945 773 1102 844 acumine
1127 773 1263 865 ingenii
1286 782 1320 844 et

192 891 383 962 luminibus
423 890 674 961 sententiarum
703 889 959 984 verborumque
999 891 1086 962 mire
1125 913 1208 962 usus
1248 899 1315 962 est.

193 1007 322 1101 Lepide
337 1008 382 1079 ad
401 1029 545 1079 caenam
563 1007 713 1079 amioum
729 1014 830 1077 vocat
845 1007 880 1076 in
900 1007 1046 1099 epistola
1072 1032 1090 1078 «
1118 1007 1161 1078 ad
1183 1006 1318 1079 Fabul-

192 1124 282 1196 lum1
298 1149 317 1194 »
332 1149 342 1216 3
360 1125 467 1197 nimia
483 1133 599 1196 tamen
614 1132 695 1195 sunt
710 1133 914 1195 ornamenta
935 1133 967 1195 et
984 1125 1086 1196 nimis
1097 1134 1221 1198 acutae
1239 1149 1318 1197 sen·

192 1242 321 1315 tentiae
337 1244 589 1337 praecipueque
603 1241 641 1311 in
661 1239 827 1334 epistolae
842 1240 923 1312 fine.
944 1241 1053 1313 Mittit
1075 1240 1255 1335 pippiones
1274 1243 1318 1313 ad

190 1357 395 1430 (lallartium
430 1357 603 1452 simulque
628 1380 752 1429 versus
775 1379 860 1452 quos
874 1357 1046 1429 Martialis
1076 1381 1148 1429 ase
1169 1359 1317 1452 scriptos

191 1472 332 1546 venet2.
356 1475 541 1548 Jnoundus
567 1497 651 1547 vere
671 1474 773 1545 homo
799 1474 936 1546 videtur
962 1475 1052 1545 Beza
1081 1484 1198 1570 atque,
1226 1475 1316 1571 quod

191 1591 314 1662 melius
326 1599 395 1682 est,
407 1615 489 1664 vere
499 1593 630 1665 amiens
645 1591 681 1662 in
694 1591 953 1686 epigrammatis
967 1613 1055 1686 quae
1074 1593 1147 1662 «D.
1166 1592 1315 1677 Queliuo

192 1706 365 1779 senatori3
383 1733 400 1777 n
419 1718 452 1779 et
469 1733 487 1778 u
505 1709 549 1780 ad
564 1708 779 1780 Germanum
796 1705 997 1778 Valentem*
1019 1731 1037 1776 »
1061 1707 1311 1779 inscribuntur.

189 1825 259 1896 Sed
283 1824 369 1894 nihil
397 1825 535 1896 dulcius
553 1835 605 1896 est
631 1847 733 1919 quam
754 1849 773 1894 «
803 1823 954 1894 Xenium
978 1823 1129 1895 Truohio
1145 1832 1179 1895 et
1207 1824 1315 1896 Dam-

191 1949 291 2033 petro
313 1964 348 2011 n.

371 2126 517 2204 Synceris
532 2145 598 2186 mos
612 2132 658 2186 est
673 2145 827 2204 nunquam
845 2127 1001 2204 neglectus
1012 2127 1127 2200 amieis,

414 2217 494 2275 Anni
511 2218 567 2276 sub
582 2217 697 2292 primos
713 2218 835 2276 mittere
850 2218 927 2276 dona
942 2217 1016 2276 dies.

368 2305 485 2382 Nempe
502 2307 580 2382 quod
596 2312 629 2365 ut
642 2306 756 2366 veteris
773 2315 936 2365 renovetur
947 2305 1080 2365 circulus
1095 2306 1175 2381 anni,

412 2394 470 2453 Fas
486 2395 526 2453 sit
541 2399 574 2453 ut
588 2396 729 2470 antiquus
750 2393 793 2453 sic
807 2401 973 2455 renovatur
986 2413 1080 2453 amor.

369 2486 452 2557 Ergo
468 2501 560 2560 quum
574 2485 683 2542 Bezam
698 2484 848 2542 Truohius
862 2484 993 2542 fateatur
1008 2485 1148 2557 amicum,

405 2570 470 2635 Nee
488 2593 535 2632 me
550 2576 733 2650 Dampetrus
749 2575 878 2650 deneget
892 2593 958 2633 esse
975 2592 1062 2632 sunm
1081 2595 1089 2634 :

370 2665 440 2724 Non
454 2670 577 2736 temere,
594 2663 709 2740 priseos
732 2664 869 2722 homines
884 2663 1030 2736 imitatus,
1044 2665 1165 2741 utrique

406 2755 508 2814 Parva
522 2753 641 2829 quidem
657 2755 743 2813 mitto
756 2754 846 2826 dona,
862 2754 913 2812 sed
928 2759 997 2829 apta
1011 2760 1123 2812 tamen.

268 2841 273 2850 '
365 2845 462 2904 Ambo
480 2845 552 2902 estis
567 2845 673 2916 Vates,
690 2845 834 2902 ambobus
851 2843 983 2901 earmina
997 2843 1087 2915 dono,

408 2934 549 2992 Carmina
564 2951 639 3010 quae
654 2933 750 2992 nostri
764 2934 875 3008 pignus
890 2932 1001 2991 amoris
1016 2938 1115 2993 erunt.
1158 3002 1160 3006 ,

365 3025 427 3084 Vos
437 3023 553 3098 pridem
568 3015 714 3098 syncerus
729 3040 815 3081 amor
827 3021 985 3100 conjunxit
1000 3021 1030 3079 in
1041 3040 1146 3094 unum,

404 3113 505 3170 Unum
520 3111 617 3186 igitur
631 3111 731 3169 decuit
746 3129 858 3169 munus
872 3111 984 3169 habere
1009 3112 1094 3172 duos.

231 3283 279 3354 At
296 3281 364 3377 'illa
392 3280 595 3373 simplicitas
618 3288 652 3349 et
671 3278 731 3348 illa
759 3279 943 3370 elegantia,
968 3300 1055 3373 quae
1081 3302 1144 3349 nos
1172 3288 1304 3350 tanturn

184 3399 368 3484 oblectant,
401 3421 470 3468 non
497 3419 746 3489 saepenumero
773 3405 970 3482 occurrunt,
1003 3417 1043 3466 ao
1065 3393 1181 3487 potius
1210 3393 1304 3465 dicas

219 3625 228 3660 1
428 3625 457 3680 Si
476 3641 589 3678 caenare
599 3623 684 3689 voles,
698 3623 817 3688 Fabulle,
832 3639 938 3678 meeum

431 3705 501 3758 Audi
516 3721 584 3776 quae
593 3704 642 3757 tibi
656 3719 738 3758 caena
751 3706 786 3758 sit
797 3711 928 3774 parata...

431 3786 482 3840 Sed
497 3785 549 3838 seis
564 3783 653 3855 qualia
667 3785 728 3837 vina
738 3786 892 3856 comparavi
909 3783 920 3838 1

430 3868 506 3932 Quae
516 3867 540 3919 si
554 3883 607 3919 non
623 3866 721 3920 vanites
736 3866 886 3936 Opimiano,

430 3951 465 4002 nt
479 3955 552 4001 certe
567 3946 717 4016 Optimiana
728 3951 791 4016 jure
805 3949 886 4002 dicas.

219 4029 267 4096 Of.
280 4029 412 4084 Catullum
435 4049 483 4083 u...
501 4028 555 4080 lam
569 4044 622 4082 non
633 4027 720 4080 Ionios
732 4044 801 4094 esse,
823 4028 870 4080 sed
884 4027 1004 4082 Hionios.
1019 4046 1033 4080 u

217 4109 229 4144 ²
428 4110 556 4162 Eusenos
570 4108 617 4160 tibi
633 4108 709 4162 mitto
719 4109 895 4177 pippiones...

217 4189 229 4224 3
432 4189 484 4243 Seu
500 4190 564 4254 Dea,
580 4205 627 4242 seu
639 4189 709 4242 Deus
724 4195 773 4254 est,
788 4189 834 4258 qui
846 4194 872 4242 te
883 4197 936 4241 tam
951 4189 1021 4242 laeta
1034 4195 1212 4258 parantem...

214 4269 226 4303 ⁴
423 4269 496 4337 Ergo
512 4269 640 4323 Germani
653 4268 741 4321 vultus
757 4269 863 4322 violabit
879 4285 1040 4324 amoenos...
