3124 4988
248 404 294 456 tut
708 407 902 460 CONGLUSIO

247 558 282 622 et
298 517 570 646 Epigrammatis
585 553 691 624 variis
709 554 871 626 versibus
886 578 969 627 usus
989 565 1042 626 est
1061 556 1164 646 Bena,
1184 553 1372 647 praecipue

246 675 748 774 hendecasyllabisphalaeciis
768 690 801 751 et
828 678 953 774 elegis.
986 679 1055 752 Sed
1081 680 1307 751 inveniuntur
1338 685 1373 748 et

247 800 351 873 iambi
366 803 514 874 senarii¹
540 811 574 875 et
595 804 700 875 iambi
720 805 847 876 senarii
861 805 1062 878 ⁹scazontes,
1092 815 1126 878 et
1145 806 1373 879 hexametrus
1476 837 1481 846 ·

247 924 436 1020 dactylicus
455 950 534 998 cum
548 928 770 1030 quaternario
780 929 929 1001 iambico
942 929 1181 1024 conjunctus³.
1199 932 1278 1016 Qua
1291 953 1372 1026 pro-

248 1050 344 1122 sodia
362 1052 416 1123 usi
434 1059 515 1123 sunt
536 1052 635 1124 latini
659 1061 792 1146 poetae,
815 1054 926 1147 primo
954 1064 1030 1149 post
1053 1063 1173 1127 natum
1195 1055 1372 1128 Christum

247 1175 396 1266 saeculo,
413 1199 434 1248 a
450 1176 601 1271 Virgilio
623 1176 667 1248 ad
686 1175 899 1284 Martialem,
912 1179 1003 1250 Beza
1025 1180 1101 1272 ipse
1124 1203 1207 1252 usus
1228 1189 1293 1269 est,
1312 1180 1373 1251 sed

245 1286 418 1374 interdum
432 1302 468 1372 in
483 1324 523 1374 ea
545 1303 718 1395 peccavit-3
740 1304 906 1398 quasdam
925 1306 1019 1380 enim
1038 1305 1189 1399 syllabas
1210 1306 1372 1399 producit

247 1449 334 1523 quae
355 1427 480 1499 breves
492 1439 585 1518 sunt,
612 1427 697 1500 alias
712 1429 856 1522 corripit
871 1452 962 1526 quae
982 1429 1108 1522 longae
1123 1429 1239 1501 sumt.
1257 1430 1372 1501 -Ex

247 1576 314 1648 quo
340 1551 486 1626 efficitur
511 1561 560 1640 ut,
578 1576 658 1622 cum
680 1553 791 1624 Bezae
816 1555 969 1626 carmina
992 1555 1155 1647 legimus,
1188 1555 1371 1625 notissima

246 1678 443 1756 litterarum
478 1677 666 1749 latinarum
695 1679 852 1772 ingenia,
884 1703 971 1775 quae
1002 1681 1037 1749 in
1071 1679 1203 1750 eisdem
1227 1681 1370 1773 poeticis

247 1802 437 1897 generibus
474 1802 680 1890 floruerunt,
722 1804 870 1898 quodam
912 1803 1017 1875 modo
1066 1827 1370 1896 recognoscamus

247 1928 465 2025 requiramus
478 1936 592 1998 autem
608 1950 648 1998 ac
674 1927 913 1999 desideremus
937 1930 1078 2001 Bezam.
1106 1929 1232 2023 Neque
1257 1939 1373 2000 tamen

247 2055 405 2149 antiquos
428 2052 613 2124 immodice
638 2052 808 2124 imitando
839 2052 874 2123 id
893 2062 1102 2126 consecutus
1122 2061 1174 2124 est
1200 2064 1319 2125 noster
1335 2063 1373 2124 ut

248 2201 496 2252 eorumomnes
506 2179 651 2250 virtutes
661 2179 697 2249 in
708 2201 745 2250 se
755 2178 975 2264 transferret,
989 2179 1075 2251 uitia
1086 2222 1133 2231 —
1144 2178 1373 2250 occurrebant

247 2305 341 2378 enim
361 2303 532 2398 quaedam
546 2304 651 2376 etiam
676 2304 768 2398 apud
783 2306 931 2399 optimos
947 2347 993 2360 --
1010 2305 1193 2398 effugeret,
1211 2303 1318 2375 immo
1339 2315 1373 2376 et

247 2430 331 2501 vitia
359 2428 539 2522 usurpavit
568 2439 602 2500 et
626 2430 763 2524 saepius
787 2453 848 2524 pro
872 2430 1055 2502 virtutibus
1083 2429 1168 2501 vitia
1199 2429 1373 2501 contraria

248 2557 421 2628 exhibuit.
449 2555 598 2650 Quiquid
620 2557 713 2627 enim
743 2559 832 2627 inest
855 2557 891 2626 in
911 2555 1039 2644 Ovidii,
1059 2555 1179 2640 Statii,
1200 2554 1373 2627 Martialis

156 2706 158 2710 ·
248 2681 472 2768 carminibus
508 2681 721 2775 ineptiarum
758 2691 817 2752 aut
859 2681 1059 2774 putidorum
1101 2681 1370 2770 sententiarum,

249 2827 480 2902 quascumque
494 2803 544 2876 illi
558 2805 595 2876 in
609 2829 646 2876 se
664 2805 880 2877 admiserunt
894 2816 954 2878 aut
974 2805 1220 2898 ambiguitates
1243 2805 1374 2875 verbo-

249 2956 324 3004 rum
338 2940 396 3003 aut
410 2933 508 3024 jocos
525 2932 683 3026 illepidos
698 2941 757 3003 aut
773 2931 936 3001 ridiculos
952 2929 1181 3018 calamistros,
1205 2953 1248 3000 ne
1259 2929 1370 3023 plura,
1461 2962 1464 2968 ·

249 3080 484 3154 quaecumque
499 3067 705 3128 ornamenta
717 3067 751 3127 et
767 3057 873 3126 nimia
884 3067 917 3127 et
937 3055 1071 3126 insulsa
1085 3065 1119 3125 et
1135 3055 1238 3124 nimis
1252 3056 1374 3150 exqui-

250 3183 316 3254 sita
335 3180 516 3252 ambitiose
531 3183 716 3251 consectati
732 3187 826 3266 sunt,
843 3202 882 3251 ea
897 3180 1011 3250 omnia
1026 3221 1073 3232 -
1089 3201 1179 3273 quae
1194 3202 1259 3249 ven
1266 3179 1373 3249 ustis-

249 3309 357 3378 simus
374 3316 407 3379 et
417 3306 633 3377 doctissimus
642 3306 785 3400 quisque
800 3303 1095 3398 aegerrimeierat
1113 3325 1254 3374 necesse
1269 3312 1374 3374 est—

286 3578 295 3612 1
315 3575 344 3628 ln
359 3574 508 3642 Philonem,
522 3575 550 3626 in
566 3572 726 3639 Hubertum,
741 3573 768 3624 in
782 3573 944 3636 Aubertum,
960 3571 988 3624 in
1008 3570 1160 3638 Philebum,
1178 3573 1206 3624 in
1226 3573 1372 3637 Poardum‚

249 3658 276 3709 in
291 3655 461 3722 Ligurinum.
1376 3655 1379 3668 ²

285 3739 296 3774 2
316 3734 454 3804 Epitoptt.
471 3734 503 3786 G.
520 3733 648 3800 Langaei.
664 3761 695 3774 -
710 3733 814 3800 Epipr.
829 3747 837 3784 :
852 3733 885 3784 ad
899 3731 1013 3785 eundern
1027 3730 1179 3803 (lectorem)

285 3817 297 3852 ³
318 3815 441 3886 Epitaph.
458 3814 594 3867 Francisci
607 3811 718 3882 Valesii;
736 3811 800 3866 int.
812 3813 974 3881 Secundum3
989 3810 1181 3866 Genethliecon
1192 3812 1330 3880 lsabellee;
1346 3815 1374 3866 in

250 3897 353 3951 basium
362 3894 504 3949 Candidae.

285 3977 297 4012 ⁴
518 3972 631 4030 Sobrius
646 3987 695 4042 pro
710 3971 815 4027 sobrius
831 3988 838 4042 3
860 3971 973 4028 Thetide
988 3987 1037 4040 pro
1052 3969 1176 4026 Thetide.

285 4058 344 4110 Nou
359 4056 432 4108 varia
447 4060 490 4107 est
513 4053 672 4121 compositio
684 4068 822 4106 versuum.
845 4051 890 4104 Sic
905 4053 933 4104 in
948 4051 1049 4122 Sylval
1064 4067 1132 4120 quae
1150 4059 1253 4122 septem
1264 4061 1293 4108 et
1304 4073 1373 4126 qua·

249 4139 373 4204 draginta
389 4151 483 4189 versus
503 4135 633 4196 continet,
651 4139 753 4202 septem
768 4149 862 4185 versus
876 4132 1070 4186 concluduntur
1085 4132 1178 4186 eodem
1193 4135 1286 4202 verbo,
1302 4139 1373 4207 quod

249 4227 289 4272 est
306 4217 441 4270 Latinus.
455 4214 555 4267 -ltem
572 4231 654 4284 quarn
666 4213 840 4266 mediocriter
852 4229 946 4265 versus
961 4213 1047 4265 caedit
1061 4219 1087 4266 et
1101 4215 1253 4282 quamdure
1268 4217 1373 4272 vocales

249 4297 404 4370 conjungit!
419 4295 467 4364 Cf.
477 4296 505 4347 in
518 4295 606 4364 prima
617 4292 706 4364 Sylva,
724 4293 753 4358 3,
769 4291 796 4359 6,
814 4291 857 4354 12,
870 4293 914 4356 26,
933 4291 977 4354 27,
994 4291 1040 4355 43,
1051 4291 1085 4345 45
1095 4309 1101 4362 3
1113 4321 1148 4332 -
1162 4293 1189 4358 3,
1200 4293 1227 4366 6,
1245 4294 1289 4362 12,
1299 4297 1370 4354 26...
