3116 4978
254 409 286 463 32
722 409 768 463 DE
786 407 909 464 SYLVIS

253 560 386 630 romani
406 557 597 632 desideres.
621 556 831 652 Intellegere
854 557 956 630 facile
974 566 1028 630 est
1048 581 1134 654 qnae
1155 539 1256 631 istius
1280 559 1375 631 modi

251 675 511 748 declamationis
530 676 648 747 futura
668 675 738 746 sint
752 676 847 747 vitia.
865 676 941 760 Quo
956 675 1125 748 sincerior
1140 683 1174 747 et
1188 675 1371 748 candidior

254 801 300 880 et,
321 799 359 864 ut
382 793 430 864 ita
453 790 580 880 dicam,
603 791 736 864 tristior
760 791 826 862 suit
849 791 981 883 Livius,
1009 813 1050 864 eo
1075 791 1189 884 magis
1215 791 1374 864 inflatum

253 909 500 1005 turgidnmque
515 910 607 982 Bena
628 931 665 980 se
684 916 861 1003 praestat3
881 907 938 979 hic
957 907 1175 1002 simplicitate
1188 908 1293 1000 valet,
1311 907 1373 980 ille

253 1026 428 1098 elaborata
443 1024 676 1096 concinnitate
689 1046 699 1114 3
719 1022 948 1096 scholasticus
963 1022 1036 1113 ille,
1050 1019 1315 1095 hichistor'icus
1332 1024 1374 1095 In

254 1145 362 1240 Sylva
384 1143 489 1232 enim,
509 1135 636 1214 Decius
650 1163 719 1212 non
738 1139 839 1212 aliter
862 1149 966 1235 atque
987 1139 1023 1210 in
1049 1139 1129 1212 ludo
1144 1139 1297 1235 loquitur
1312 1149 1373 1211 aut

250 1261 439 1336 auditorio:

332 1458 419 1517 Unde
438 1456 510 1532 fuga
525 1455 621 1515 haect
637 1455 716 1514 unde
729 1455 787 1514 iste
798 1454 911 1513 timorl
926 1471 979 1514 vos
994 1455 1100 1516 cedere
1113 1453 1191 1515 notis
1270 1436 1273 1442 ¹

331 1546 476 1606 Hostibus
492 1550 522 1604 et
534 1543 623 1604 toties
641 1544 732 1603 victis
743 1544 817 1604 dare
827 1549 915 1620 terga
929 1543 1062 1604 Latinisl

299 1721 416 1808 Verba
430 1735 546 1808 verbis
565 1734 708 1806 colludit
722 1735 825 1825 Beue,
842 1734 1048 1830 subtilisque
1073 1757 1168 1807 more
1187 1731 1368 1828 cujusdam

251 1851 429 1925 rhetorum
449 1851 608 1945 discipuli
622 1851 793 1923 contraria
810 1850 994 1924 contrariis
1010 1851 1172 1946 opponit:

291 2125 293 2134 ‚
330 2065 458 2122 Deserta
466 2061 585 2139 fugiunt
601 2063 723 2138 trepidi
736 2062 864 2121 statione
878 2061 1023 2134 Quirites.

331 2152 387 2212 Ille
401 2160 500 2212 autem
515 2153 698 2228 intrepidus
716 2173 722 2210 :
741 2169 757 2209 c
772 2152 853 2222 Quos
872 2153 982 2213 (lonsul
993 2155 1106 2214 sistere
1122 2169 1195 2212 voee

328 2247 398 2306 Non
413 2245 505 2322 potui,
524 2244 611 2314 dixit,
631 2245 787 2303 revocabo
798 2250 896 2304 morte
898 2288 961 2307 .....

329 2426 445 2485 Instant
458 2425 574 2483 victori
594 2425 671 2484 victi
672 2467 734 2486 .....

298 2616 445 2688 Omnem
471 2636 613 2708 operam
632 2615 690 2685 dat
704 2622 741 2686 ut
763 2616 1000 2686 narrationem
1021 2613 1108 2685 Livii
1127 2615 1306 2688 remissam
1326 2627 1359 2686 et

248 2732 432 2827 placidam,
450 2741 580 2802 rectam
603 2741 637 2802 et
652 2731 809 2823 probam,
832 2729 956 2801 efficiat
971 2731 1175 2804 concitatam
1198 2741 1232 2803 et
1251 2731 1363 2802 fervi-

248 2849 327 2920 dam
346 2855 463 2942 atque,
479 2855 517 2917 ut
538 2847 585 2918 ait
604 2847 739 2935 Cicero,
757 2845 965 2918 calamistris
985 2847 1114 2920 inurat.
1135 2848 1364 2942 lueptissimis

247 2963 559 3059 comparationibus
584 2964 804 3036 sanctitatem
836 2964 1003 3036 materiae
1032 2964 1222 3059 corrumpit
1251 2975 1284 3036 et
1311 2967 1364 3037 in·
1408 3035 1413 3041 .

248 3079 390 3175 quinat:
869 3083 870 3086 ’

408 3333 468 3354 .....
474 3289 594 3350 Faciem
607 3291 662 3352 lux
675 3293 813 3370 protinus
825 3297 951 3371 occupat
965 3293 1081 3370 ingens

326 3381 432 3451 Qualis
446 3386 513 3456 post
526 3381 621 3440 noctis
631 3384 770 3442 tenebras
786 3401 877 3458 quum
894 3383 1022 3442 Thetide
1038 3383 1181 3442 Phoebus

326 3471 452 3531 Deserta
467 3471 601 3530 illustrat
615 3471 784 3547 splendenti
798 3473 910 3532 lumine
924 3479 1023 3532 terras
1040 3495 1047 3534 ε

325 3561 408 3620 Talis
420 3561 470 3619 hic
488 3561 625 3622 insiliens
637 3563 668 3621 in
683 3580 793 3638 equum
807 3562 956 3631 sublimis,
972 3564 1102 3624 habenas

325 3653 486 3712 Laxat.....

245 3837 392 3934 ideoque
408 3837 445 3908 in
459 3838 660 3911 universum
678 3859 719 3910 ea
732 3838 838 3934 Sylva
857 3840 1040 3912 mediocris
1056 3849 1108 3912 est
1126 3849 1160 3911 et
1176 3840 1362 3934 reprehen-

244 3953 372 4026 denda.

295 4071 391 4155 Quae
411 4071 527 4143 omnia
544 4070 628 4142 vitia
649 4070 778 4143 clarius
793 4072 1008 4165 apparebunt
1029 4073 1066 4142 in
1089 4071 1196 4166 Sylva
1211 4071 1362 4143 secunda

248 4213 267 4259 u
287 4189 331 4260 de
353 4196 461 4258 morte
482 4187 710 4260 Ciceronis».
728 4188 899 4260 Auctores
921 4190 1032 4260 Berae
1048 4187 1188 4260 luerunt
1203 4229 1250 4240 -
1271 4187 1362 4284 quod

243 4305 318 4400 ipse
333 4325 397 4376 nos
412 4303 510 4376 docet
526 4339 571 4356 -
587 4303 719 4394 Livius,
729 4304 938 4376 Plutarchus
954 4313 987 4376 et
999 4303 1159 4376 Valerius
1170 4304 1357 4377 Maximus.
