3124 4988
256 443 289 494 ta
686 442 731 492 DE
748 437 947 492 EPITAPHllS

258 613 334 662 cum
365 589 577 683 Pomponius
611 596 723 660 mente
759 587 932 660 diviniore
963 609 1065 680 quam
1095 583 1273 680 Orpheus¹
1304 587 1382 677 ipse

258 707 404 779 donatus
422 713 526 793 esset,
544 706 805 778 vehementiore
833 699 1030 799 eloquentia
1045 724 1147 799 quam
1166 700 1321 772 Pericles
1342 710 1378 772 et

259 820 414 914 cicer023
439 823 476 892 in
499 834 576 894 arte
596 821 763 915 pingendi
782 821 971 892 calliditate
1000 817 1180 914 Apellam3
1204 818 1374 905 vinceret,

258 948 414 1020 doctrina
434 957 467 1019 et
482 970 616 1019 morum
635 947 813 1018 hominum
847 946 1064 1040 experientia
1084 945 1324 1038 Pythagoram
1342 953 1378 1014 et

259 1066 456 1136 Platonem!
479 1065 557 1136 Non
572 1087 656 1157 ergo
672 1061 966 1156 mirandumquod
980 1059 1164 1132 funeribus
1180 1071 1250 1133 tam
1265 1059 1373 1148 docti,

259 1190 328 1253 tam
344 1180 550 1274 eloquentis,
571 1189 643 1252 tam
668 1180 805 1273 egregii
824 1180 891 1248 viri
914 1187 948 1250 et
975 1176 1161 1272 Nymphae
1177 1184 1211 1247 et
1226 1176 1380 1246 Hermes

259 1305 292 1368 et
318 1297 510 1392 cytheraea
525 1304 559 1368 et
576 1295 700 1391 Apollo
726 1297 799 1390 ipse
820 1294 935 1366 adsint
958 1318 966 1364 :

418 1485 475 1544 Dic
489 1485 574 1556 mihi,
593 1484 773 1560 cytheraea,
790 1483 850 1554 dic,
867 1482 987 1558 Apollo,v

419 1576 473 1634 Dic
488 1575 629 1648 Hermes,
640 1574 725 1642 mihi,
745 1573 836 1631 dicite
851 1590 868 1630 o
884 1571 1061 1641 Gamoenae‚

419 1673 481 1732 Gur
492 1678 640 1741 nostrum,
657 1688 745 1745 rogo,
762 1686 817 1728 cur
832 1686 931 1728 meum
946 1668 1101 1727 Macutum

418 1762 506 1821 Passi
522 1761 593 1821 estis
606 1759 734 1837 perimit

308 1939 377 2012 Sed
397 1937 497 2010 valde
524 1939 653 2011 erravit
670 1939 761 2010 Beza
785 1937 814 2008 si
839 1937 916 2008 istis
935 1937 1068 2031 putidis
1093 1934 1379 2031 explicationibus

260 2057 414 2129 dolorem
427 2064 462 2129 et
475 2055 745 2127 misericordiam
766 2056 802 2125 in
817 2055 943 2126 animis
956 2054 1148 2147 legentium
1169 2053 1380 2125 commoveri

297 2325 306 2360 ¹
475 2324 571 2380 Traxit
588 2326 752 2381 carminibus
771 2327 826 2380 suis
836 2342 935 2395 opacas
1010 2395 1011 2400 ἵ

473 2406 579 2478 Sylvas,
591 2413 618 2461 et
631 2410 697 2476 juga
711 2399 970 2471 montium'comata

471 2487 612 2544 Undarum
622 2493 648 2542 st
657 2487 759 2541 domuit
773 2488 948 2556 rapacitatem

471 2567 606 2640 Orpheus,
623 2569 668 2623 sed
688 2569 824 2636 superavit
835 2569 907 2622 hunc
921 2565 1047 2620 Macutns

472 2649 555 2702 Mutis
566 2665 620 2703 non
634 2650 712 2702 modo
723 2650 817 2703 doctus
835 2649 984 2719 imperare,

473 2729 525 2784 Sed
541 2746 640 2800 pacare
653 2729 791 2784 hominnm
809 2735 902 2798 potens
915 2729 1047 2796 furorem,

472 2810 506 2863 Et
518 2809 593 2864 lenes
603 2811 696 2864 itidem
708 2810 821 2864 incitare
834 2815 939 2863 mentes
953 2824 959 2861 ε

471 2890 528 2945 Nec
546 2890 618 2945 solos
630 2890 728 2959 digitos
743 2906 849 2944 movere
864 2890 970 2953 doctus,

474 2970 527 3025 Sed
538 2970 631 3041 lingua
640 2973 744 3043 pariter
756 2971 831 3042 loqui
841 2971 951 3024 diserta.

477 3077 597 3134 Pericles
612 3081 698 3149 potuit
706 3085 800 3135 tonare
817 3079 965 3150 quondam,

474 3159 526 3214 Sed
541 3160 659 3215 Graecus
673 3163 760 3216 tonuit
775 3160 830 3215 suis
846 3160 969 3215 Athenis.

472 3240 576 3309 Lingua
591 3241 697 3295 Tullius
704 3241 833 3312 eloquens
847 3241 952 3311 Latina,

473 3319 602 3375 Romanis
616 3323 700 3377 tonuit
712 3324 769 3376 auis
784 3323 903 3377 Latinus.

473 3398 559 3454 Natus
576 3403 706 3469 sanguine
720 3402 822 3458 Gallico
836 3403 959 3458 Macutus

474 3481 508 3534 Et
521 3481 624 3538 Graece
638 3484 766 3537 tonuisset
779 3490 806 3537 et
819 3484 924 3554 Latine,
957 3545 959 3549 ¹

474 3560 532 3614 Hoc
546 3564 569 3615 si
587 3563 674 3617 Roma
687 3564 757 3617 foret
768 3564 863 3618 Latina
878 3563 962 3629 seclo,

473 3642 508 3696 Et
520 3660 592 3699 nunc
606 3645 720 3700 Graecia
734 3645 839 3700 Graeca
853 3650 1024 3716 personaret.
1127 3627 1132 3636 ¹

478 3749 568 3819 Apelli
578 3750 730 3822 Cytheraea
749 3753 820 3822 picta
835 3753 970 3823 quondam

473 3829 530 3884 Nec
548 3836 603 3885 tota
618 3836 744 3898 attamen,
760 3834 842 3886 immo
856 3830 1021 3886 inabsoluta:
1086 3872 1092 3884 ι

475 3909 551 3965 Mille
564 3918 654 3966 autem
669 3912 788 3967 Veneres
796 3914 956 3984 Gratiasqne

476 3991 618 4061 Expressit
635 3991 739 4062 lepidus
752 4009 828 4047 meus
844 3994 977 4057 blacutns,

477 4073 531 4125 Aut
546 4073 610 4127 vicit
624 4074 722 4143 potius,
739 4090 788 4127 nec
800 4075 827 4126 id
846 4072 947 4137 colore,

475 4152 528 4207 Sed
546 4153 623 4208 docta
637 4153 780 4224 lepidaque
796 4154 953 4222 scriptione.

299 4230 431 4286 Eumdem
446 4233 554 4286 modum
577 4240 667 4286 servat
690 4235 759 4288 Beza
773 4251 833 4288 cum
847 4233 1025 4304 Pomponium
1040 4240 1179 4304 comparat
1199 4251 1260 4289 cum
1275 4233 1392 4292 Platone

262 4316 345 4382 atque
353 4309 521 4382 Pythagora.
